1982 3120
232 161 378 206 XLVI
904 160 1244 205 PRAEFATIO

231 289 338 335 tate
386 284 596 347 dictum,
643 300 795 347 quam
842 285 1040 346 saepius
1087 285 1393 347 deprendere
1436 287 1556 336 licet
1601 288 1736 350 apud
1772 288 1921 336 Vale-

227 360 380 421 rium3
430 359 491 407 cf.
536 359 614 406 III
662 360 767 407 229
811 353 1130 420 ‘tardumque
1177 375 1207 406 a
1243 361 1504 409 moenibus
1545 377 1728 424 agmen
1762 362 1919 410 incre-

226 427 378 495 pitat'
433 435 484 480 et
528 431 627 480 VII
680 433 783 481 645
835 427 1016 494 ‘qualis
1073 431 1247 480 Getico
1302 433 1362 482 de
1414 435 1624 496 puluere
1676 430 1920 498 Mauors',

228 507 408 569 quibus
469 505 592 554 locis
657 506 990 567 supplendum
1051 508 1128 553 est
1183 500 1426 555 ‘ueniens'
1480 509 1565 556 uel
1615 509 1778 558 simile
1831 509 1920 557 ali-

227 580 362 642 quid.

377 654 668 702 584—-586
709 656 826 715 post
867 654 973 702 604
1012 654 1182 715 posuit
1220 654 1513 716 Meynckius
1551 655 1578 703 Ι
1617 657 1688 704 50
1726 672 1800 718 sq.

376 728 480 776 596
521 728 647 775 hwnc
686 727 883 789 scripsi:
922 727 999 775 hic
1034 727 1096 774 V.

375 803 481 850 597
521 802 676 848 malta
713 800 975 849 Heinsius:
1014 802 1173 849 mulla
1211 801 1271 849 V.

374 876 479 924 598
519 875 697 923 Phoebi
736 874 936 937 scripsi:
977 875 1086 923 belli
1123 873 1193 938 V3
1233 875 1292 923 cf.
1332 893 1381 924 u.
1422 877 1546 924 406.

375 950 478 997 621
511 950 638 1010 pubi
675 948 937 997 Heinsius:
967 950 1130 1009 puppi
1166 948 1226 996 V.

375 1023 477 1070 627
527 1023 704 1070 obicem
749 1017 855 1087 (uel
902 1015 1077 1087 obices)
1124 1025 1275 1070 struis
1323 1023 1522 1084 scripsi:
1569 1025 1648 1072 ius
1692 1025 1838 1073 obicis
1867 1024 1917 1070 V

224 1097 330 1143 sine
371 1111 520 1144 sensu
559 1095 752 1145 idone0.

374 1170 478 1218 628
518 1184 617 1217 non
653 1169 1009 1218 Bononiensis:
1049 1184 1168 1218 num
1206 1169 1266 1218 V.

373 1244 480 1291 630
525 1245 596 1292 sic
640 1246 794 1291 cetera
829 1247 1027 1303 pergat,
1073 1245 1118 1291 si
1160 1244 1304 1292 ualet.
1379 1246 1647 1306 postquam
1684 1244 1919 1293 Phoebus

223 1332 275 1365 se
313 1332 416 1365 non
455 1316 516 1364 de
554 1317 813 1365 ueteribus
852 1316 1074 1364 Palladis
1121 1317 1269 1365 factis
1309 1318 1451 1379 queri
1490 1317 1777 1380 affirmauit,
1816 1318 1919 1366 iam
1979 1331 1982 1334 ⁴

221 1390 398 1439 debuit
437 1391 635 1443 afferre,
656 1405 789 1439 noua
828 1390 935 1438 eius
975 1406 1102 1452 quae
1142 1391 1238 1438 sibi
1276 1391 1437 1439 dolori
1477 1393 1646 1440 essent
1681 1391 1917 1440 facinora.

219 1465 389 1526 itaque
413 1463 539 1512 dixit
577 1459 668 1512 ‘sio
706 1466 874 1513 cetera
910 1459 1116 1526 pergit'.

370 1540 473 1587 631
516 1539 633 1598 quid
669 1553 768 1586 non
807 1537 1009 1600 scripsi:
1049 1539 1167 1598 quid
1202 1553 1332 1587 mmc
1370 1538 1417 1585 V
1454 1539 1639 1600 inepte.

370 1613 474 1660 641
517 1611 685 1660 curtus
724 1612 925 1673 scripsi:
966 1615 1131 1660 tantus
1169 1611 1229 1660 V.

369 1687 475 1733 645
515 1700 575 1733 en
614 1700 695 1746 eqo
735 1686 933 1747 scripsi:
975 1701 1057 1746 eqo
1095 1685 1155 1733 V.

370 1760 476 1807 650
530 1774 754 1819 rumpere
808 1763 851 1806 et
904 1759 1107 1820 scripsi:
1170 1763 1411 1820 rumperet
1470 1759 1531 1807 V.
1632 1760 1718 1807 sed
1780 1760 1914 1808 enim

219 1827 869 1895 equin—rumpere1·,'-non
919 1835 1091 1895 potest
1143 1833 1361 1894 pendere
1415 1848 1445 1880 a
1501 1828 1674 1896 ‘tulit’,
1728 1834 1912 1896 quippe

218 1907 350 1968 quod
390 1923 536 1954 suum
573 1907 760 1955 habeat
799 1906 1051 1955 obiectum
1089 1901 1265 1955 ‘haec'.
1341 1907 1511 1968 itaque
1551 1901 1711 1970 ‘quin'
1756 1907 1913 1970 parti·
1976 1926 1982 1932 ²

218 1981 359 2028 culae
414 1980 768 2029 aduersatiuae
813 1981 923 2028 uice
968 1980 1220 2043 fungitur,
1281 1983 1339 2028 ut
1386 1980 1585 2042 saepius
1639 1981 1774 2042 apud
1813 1981 1911 2029 Va·
1980 2032 1982 2035 ,

216 2054 413 2102 lerium.

369 2128 473 2176 655
513 2129 719 2176 numina
756 2127 847 2176 Ph.
885 2126 1193 2190 Wagnerus:
1231 2129 1431 2176 nomina
1466 2127 1528 2176 V.

371 2203 474 2250 656
530 2203 649 2261 quim
700 2202 851 2250 simili
895 2205 1099 2249 matrem
1159 2202 1350 2249 demens
1404 2203 1650 2263 yrauitatc
1707 2206 1910 2251 secutae.

217 2275 445 2336 queritur
491 2275 661 2323 Pallas
709 2291 762 2323 se
811 2275 970 2323 solam
1015 2290 1046 2322 a
1083 2275 1247 2322 Marte
1285 2275 1583 2337 increpitam
1619 2291 1751 2339 esse,
1798 2287 1911 2324 oum

213 2350 386 2396 tamen
423 2348 548 2396 Iuno
595 2350 773 2410 utpobe
823 2349 876 2395 in
922 2348 1220 2396 adiuuandis
1269 2348 1453 2410 Minyis
1501 2348 1599 2397 sibi
1637 2350 1772 2397 socia
1808 2364 1910 2398 non

214 2422 378 2470 minus
424 2422 666 2470 meruerit
711 2421 948 2469 conuicia.
1024 2421 1194 2482 itaque
1239 2421 1530 2483 increpandi
1573 2422 1711 2470 notio
1759 2422 1911 2472 debet·

213 2495 378 2545 inesse
426 2498 663 2556 corrupto
710 2494 788 2542 illi
835 2489 1110 2557 ‘grauitate
1158 2489 1394 2555 secutus',
1441 2495 1574 2557 quod
1618 2495 1811 2544 frustra
1856 2499 1908 2545 et
1979 2506 1982 2540 ε

122 2568 141 2580 ·’
213 2570 363 2630 plane
421 2568 630 2617 ridicule
691 2568 920 2616 nonnulli
979 2567 1323 2616 defenderunt.
1417 2569 1595 2630 scripsi
1657 2564 1905 2633 ‘matrem,
1979 2574 1982 2575 ’

215 2643 440 2706 demens,
486 2643 625 2691 rabie
672 2644 788 2691 ante
844 2636 1054 2704 petisti'.
1139 2644 1332 2690 certum
1383 2645 1506 2703 puto
1548 2636 1707 2691 ‘rabie
1745 2637 1882 2691 ante'
1891 2663 1904 2707 3

214 2717 273 2764 cf.
313 2717 429 2765 falsi
484 2716 736 2765 Ciceronis
788 2717 843 2763 111
896 2715 1172 2764 Salustium
1223 2715 1477 2763 inuectiua
1525 2713 1624 2778 [HI
1665 2714 1720 2778 9]
1770 2711 1906 2764 ‘nam

214 2791 347 2851 quod
389 2791 491 2839 ista
527 2790 772 2839 inusitata
809 2789 948 2837 rabie
995 2790 1047 2837 in
1091 2805 1298 2837 uxorem
1343 2791 1394 2837 et
1430 2789 1588 2837 filiam
1630 2805 1794 2838 meam
1830 2790 1903 2837 in-
1980 2807 1982 2809 ’

212 2859 434 2927 uasisti'3
480 2865 727 2912 incertum
765 2866 844 2912 est
892 2864 1023 2926 quod
1069 2863 1216 2925 posui
1256 2857 1480 2924 ‘petisti'.
1555 2863 1762 2911 uideant
1793 2878 1904 2911 acu·

211 2937 379 2985 tiores.
