2020 3120
259 117 329 170 10
830 115 876 160 c.
910 117 1140 162 VALERI
1171 117 1387 163 FLACCI

255 250 374 294 uota
413 241 519 292 aliis
559 241 783 291 facienda
822 241 942 290 deis.
1021 243 1064 290 si
1102 242 1200 291 fata
1236 243 1486 293 reducunt

254 325 304 368 te
345 316 488 385 mihi,
528 317 571 366 si
608 316 817 381 trepidis
857 314 1094 380 placabile
1135 317 1377 366 matribus
1417 332 1618 385 aequor,

253 406 460 458 possum
498 390 729 456 equidem
767 389 1028 454 lucemque
1068 391 1170 454 pati
1208 389 1508 456 longumque
1547 393 1792 443 timorem.
1866 402 1951 443 325

254 468 333 515 sin
372 464 504 515 aliud
543 464 763 513 Fortuna
801 470 966 530 parat,
1006 465 1244 513 miserere
1281 472 1563 533 parentum,

253 539 387 589 Mors
411 538 555 605 bona,
580 538 699 587 dum
722 544 885 587 metus
911 544 987 587 est
1011 553 1103 586 nec
1128 538 1288 587 adhuc
1313 538 1468 589 dolor.
1508 541 1556 589 ei
1578 539 1714 607 mihi,
1742 539 1951 590 Colchos

254 613 385 662 unde
427 628 517 677 ego
559 618 609 661 et
647 613 810 661 auecti
848 613 1127 661 timuissem
1164 611 1351 671 uellera
1391 610 1596 663 Phrixi?

254 702 380 752 quos
417 688 516 735 iam
555 692 720 735 mente
761 686 890 752 dieS‚
929 701 1077 750 quam
1117 701 1266 735 saeua
1303 688 1550 746 insomnia
1588 690 1725 739 curis

256 758 532 827 prospicio!
573 761 804 824 quotiens
843 775 1022 809 raucos
1062 760 1122 808 ad
1161 760 1322 810 litoris
1353 762 1484 811 ictus
1863 773 1951 813 330

254 835 479 897 deficiam
520 833 566 884 a!
610 833 896 898 Scythicum
935 840 1164 883 metuens
1204 841 1510 899 pontumque
1551 842 1818 902 petrasque

252 923 346 958 nec
386 908 445 957 de
485 914 534 957 te
576 909 775 957 credam
814 909 999 956 nostris
1038 909 1230 974 ingrata
1269 907 1481 958 serenis!

248 983 334 1048 da,
373 997 573 1049 precor,
614 981 868 1046 amplexus
907 981 1218 1046 haesuraque
1259 982 1413 1032 uerba
1452 983 1678 1049 relinque

255 1055 460 1106 auribus
501 1062 551 1105 et
589 1055 722 1105 dulci
760 1057 858 1104 iam
897 1071 1030 1105 nunc
1069 1071 1240 1120 preme
1279 1055 1465 1106 lumina
1505 1053 1712 1108 dextra?

251 1129 431 1180 talibus
471 1129 721 1179 Alcimede
762 1137 973 1196 maeret3
1014 1130 1100 1179 sed
1140 1130 1318 1180 fortior
1358 1130 1520 1180 Aeson
1864 1141 1950 1183 335

252 1204 481 1254 attollens
521 1204 668 1253 dictis
710 1205 924 1254 animos:
967 1201 1014 1252 ‘o
1055 1206 1097 1253 si
1136 1204 1256 1254 mihi
1295 1206 1512 1271 sanguis,

252 1284 468 1343 quantus
509 1284 636 1344 erat,
676 1293 791 1327 cum
831 1278 1125 1343 signiferum
1163 1284 1357 1327 cratera
1395 1280 1668 1329 minantem

251 1367 352 1402 non
392 1351 830 1426 leuiorebPholum
870 1367 1045 1402 manus
1084 1351 1206 1402 haec
1246 1354 1555 1418 compescuit
1593 1368 1738 1420 auro;

250 1427 442 1492 primus
482 1428 534 1474 in
574 1427 753 1487 flQiS
792 1428 1073 1491 posuissem
1111 1426 1364 1492 puppibus
1402 1442 1538 1477 arma

251 1515 595 1565 concussoque
635 1507 792 1550 ratem
832 1500 1099 1565 gauderem
1137 1500 1310 1550 tollere
1350 1516 1504 1552 remo.
1863 1511 1951 1553 840

250 1574 338 1623 sed
377 1576 565 1639 patriae
597 1575 800 1624 ualuere
840 1590 1017 1639 preces
1057 1575 1320 1639 auditaque
1359 1576 1549 1641 magnis

250 1655 368 1698 uota
407 1648 526 1698 deis,
604 1649 751 1698 uideo
791 1655 964 1698 nostro
1005 1654 1078 1699 tot
1116 1651 1167 1698 in
1208 1664 1424 1714 aequore
1463 1663 1608 1714 reges

251 1730 401 1787 teque
441 1721 632 1772 ducem.
711 1722 856 1789 taleS‚
896 1723 1018 1773 tales
1058 1739 1148 1788 ego
1189 1723 1371 1773 ducere
1413 1730 1586 1774 suetus

251 1796 410 1862 adque
451 1798 606 1861 sequi.
683 1812 817 1846 nunc
856 1796 936 1846 ille
978 1797 1083 1846 dies
1123 1792 1233 1882 (det
1271 1797 1495 1863 Iuppiter
1534 1792 1665 1866 oro),

248 1871 329 1920 ille
371 1885 544 1938 super,
585 1885 682 1935 quo
722 1877 771 1920 te
814 1870 1030 1936 Scythici
1070 1874 1300 1936 regisque
1340 1873 1591 1936 marisque
1861 1880 1947 1923 345

251 1946 499 1994 uictorem
538 1944 698 2008 adque
736 1960 938 1995 umeros
978 1945 1234 1995 ardentem
1273 1945 1460 1995 uellere
1499 1952 1640 2010 rapto
2018 1951 2020 1956 ’

249 2020 487 2083 accipiam
526 2018 801 2083 cedantque
840 2026 954 2068 tuae
994 2034 1103 2068 mea
1142 2020 1269 2069 facta
1306 2015 1575 2069 iuuentae.'

248 2094 320 2141 sic
354 2094 434 2142 ait.
511 2090 591 2141 ille
633 2107 724 2142 suo
764 2093 1045 2158 conlapsam
1085 2099 1288 2158 pectore
1328 2099 1538 2142 matrem

250 2167 489 2216 sustinuit
526 2181 800 2231 magnaque
841 2182 1012 2216 senem
1052 2169 1249 2217 ceruice
1290 2168 1493 2232 recepit.

398 2239 462 2290 Et
484 2241 581 2289 iam
605 2241 716 2290 finis
741 2248 869 2291 erat:
894 2241 1273 2307 Zephyrumque
1298 2248 1555 2306 ratemque
1580 2243 1819 2291 morantis
1859 2250 1946 2292 350
2007 2300 2018 2305 ,

249 2313 467 2363 soluerat
506 2314 760 2379 amplexus
798 2317 933 2365 tristi
971 2315 1090 2365 tuba
1127 2317 1275 2366 tertia
1314 2318 1469 2379 signo,

246 2387 366 2437 dant
404 2402 542 2436 remo
582 2403 671 2438 sua
710 2390 922 2452 quisque
960 2390 1079 2455 uiri,
1120 2389 1238 2438 dant
1275 2391 1474 2438 nomina
1512 2388 1758 2439 transtris.

200 2505 205 2510 .
248 2460 366 2518 hinc
404 2460 598 2511 laeuom
637 2461 871 2511 Telamon
909 2462 1113 2527 pelagus
1152 2468 1311 2530 tenet,
1351 2462 1493 2512 altior
1531 2461 1644 2511 inde

249 2541 459 2600 occupat
497 2534 691 2585 Alcides
731 2535 863 2586 aliud
901 2551 1058 2604 mare,
1099 2543 1264 2586 cetera
1303 2535 1461 2602 pubes

248 2609 509 2668 diuiditur:
550 2609 683 2659 celer
720 2610 972 2677 Asterion,
1013 2626 1163 2675 quem
1200 2617 1355 2667 matre
1398 2610 1657 2660 cadentem
1856 2618 1943 2660 355

245 2682 468 2733 Piresius
509 2686 703 2748 gemino
744 2685 866 2734 lauit
903 2691 1045 2750 pater
1085 2700 1226 2735 amne
1268 2684 1512 2751 CometeS‚

247 2758 446 2821 segnior
486 2758 693 2823 Apidani
732 2760 868 2808 uires
907 2758 994 2808 ubi
1034 2761 1184 2809 sentit
1219 2752 1456 2823 Enipeus

246 2831 422 2879 nititur
461 2830 577 2881 hinc
617 2832 796 2882 Talaus
836 2833 1103 2897 fratrisque
1142 2832 1400 2882 Leodocus
1439 2839 1586 2898 urget

244 2918 384 2953 remo
424 2911 563 2970 terga
603 2909 703 2973 sui,
743 2922 868 2971 quos
906 2905 1071 2956 nobile
1113 2906 1320 2956 contulit
1360 2906 1531 2972 Argos
1639 2915 1669 2946 ’ἵν
1698 2904 1898 2966 --ϊιὶιιλκς
