1982 3120
788 153 870 196 AD
902 153 1014 198 LIB.
1047 152 1101 197 V.
1670 153 1795 197 XLV

102 282 301 330 unicam
346 280 482 329 cerni
525 280 601 328 ita
651 294 743 341 per
797 293 850 326 se
894 277 1211 339 intellegitur
1263 279 1322 324 ut
1369 277 1423 324 in
1475 277 1569 325 hoc
1623 277 1794 326 addito

101 371 247 404 nemo
295 354 456 416 possit
501 353 660 405 risum
704 355 891 400 tenere.
974 350 1022 398 V
1069 345 1244 399 ‘torto'
1289 350 1465 413 tradit,
1514 351 1647 413 quod
1691 366 1794 399 rec-

100 429 353 478 tissimum
393 430 490 477 est:
529 429 711 475 uentus
751 426 934 490 oritur,
983 427 1168 474 nautae
1213 440 1352 473 mare
1397 423 1550 474 remis
1587 427 1797 474 uersant

101 497 186 569 (cf.
226 503 251 550 Ι
293 504 360 551 36
403 497 583 550 ‘tortas
625 500 884 563 consurgit
920 499 974 548 in
1010 492 1230 564 undas'),
1267 498 1412 547 nauis
1452 498 1625 546 currit.
1701 497 1794 547 ita-

102 593 198 638 que
237 576 523 638 corruptela
560 575 687 623 latet
724 575 777 622 in
814 589 936 622 uoce
976 566 1129 620 ‘una'.
1197 573 1341 635 legas
1382 566 1454 621 ‘et
1491 573 1628 620 torto
1668 572 1794 621 ratis

102 653 216 698 acta
276 650 523 711 profundo
586 641 840 696 cernitur’.
939 648 1118 694 notum
1171 646 1304 694 enim
1362 648 1440 695 est
1492 647 1691 695 ueteres
1744 645 1798 693 in

101 724 348 772 eiusmodi
384 722 688 786 imaginibus
723 737 804 769 res
839 735 1010 768 omnes
1048 720 1221 767 uiuere
1261 735 1318 767 ac
1356 720 1552 768 moueri
1580 719 1796 768 finxisse.

249 799 356 846 443
397 798 540 846 taeda
567 798 795 856 pernocte
831 793 1091 842 Heinsius:
1131 794 1365 853 taedaque
1401 795 1456 841 in
1492 797 1625 842 nocte
1661 793 1722 841 V.

251 873 355 920 455
396 872 567 919 horror
605 868 902 932 Meynckius
941 866 994 915 II
1035 868 1163 916 369:
1205 881 1343 916 error
1379 866 1439 915 V.

251 946 357 992 466
397 946 586 993 siderea
622 942 883 991 Heinsius:
922 942 1098 990 sideris
1134 940 1195 990 V.

250 1020 355 1066 467
397 1020 669 1078 stipantque
706 1015 1056 1065 Loehbachius
1094 1014 1120 1062 I
1163 1018 1253 1063 11:
1292 1016 1594 1075 royitantqne
1634 1012 1691 1062 V.

251 1094 360 1141 470
391 1095 651 1153 promptus
689 1089 985 1153 Meynckius
1023 1088 1049 1136 I
1089 1090 1181 1137 46:
1213 1090 1424 1149 propius
1461 1088 1522 1137 V.

249 1167 356 1214 472
399 1181 458 1214 en
497 1165 694 1227 scripsi:
735 1167 780 1213 et
814 1163 876 1213 V.

249 1240 357 1288 483
397 1241 605 1288 momine
642 1237 842 1299 scripsi:
880 1238 1072 1285 nomine
1109 1235 1171 1286 V.

249 1314 358 1362 484
419 1314 501 1361 ille
561 1312 867 1361 Gronouius:
928 1311 1018 1359 illa
1071 1309 1132 1356 V.
1193 1335 1267 1342 --
1319 1310 1596 1370 prementia
1649 1310 1800 1358 cliuos

104 1387 282 1449 scripsi
334 1387 388 1435 in
437 1385 749 1435 Fleckeiseni
804 1385 968 1434 annal.
1026 1385 1168 1432 1872
1230 1401 1278 1446 p.
1343 1385 1473 1432 204:
1536 1385 1801 1431 cremantia

103 1462 243 1510 diuos
279 1460 339 1509 V.
380 1461 441 1509 cf.
480 1460 724 1509 Horatius
773 1458 872 1522 [ep.
911 1458 964 1506 II
1006 1461 1052 1520 1,
1096 1454 1228 1519 252]
1277 1452 1347 1506 ‘et
1386 1456 1591 1507 fiumina
1638 1457 1801 1505 dicere

103 1537 155 1582 et
194 1550 333 1583 arces
371 1534 627 1583 montibus
665 1526 965 1596 impositas'.

251 1609 357 1657 485
398 1610 503 1670 iuyi
539 1607 799 1656 Heinsius:
837 1607 980 1668 myili
1018 1605 1079 1654 V.

249 1684 357 1731 492
397 1684 451 1731 in
472 1684 746 1742 meritisque
784 1681 905 1729 loces
930 1679 1129 1741 scripsi:
1169 1680 1286 1729 haec
1307 1680 1559 1739 meritique
1581 1679 1712 1727 locas
1734 1677 1796 1725 V.

251 1758 357 1805 509
399 1770 499 1804 ecce
537 1755 735 1817 scripsi:
776 1759 916 1815 atque
953 1753 1013 1801 V.

251 1831 358 1878 519
398 1833 615 1878 orantem
653 1845 712 1878 ex
751 1828 798 1876 V
835 1827 1059 1890 restitui;
1100 1827 1159 1875 cf.
1199 1827 1353 1889 Verg.
1393 1827 1521 1875 Aen.
1562 1825 1634 1873 IV
1676 1827 1803 1874 220.

252 1905 361 1951 520
391 1905 575 1964 premit
609 1902 869 1951 Heinsius:
908 1903 1077 1962 fremit
1113 1900 1174 1949 V.

251 1979 358 2026 534
397 1978 499 2026 han
535 1978 623 2026 tabi
662 1977 861 2039 scripsi:
900 1977 1034 2025 hand
1072 1976 1143 2023 ali
1178 1975 1240 2022 V.

257 2053 364 2100 544
403 2054 537 2111 quies
576 2051 775 2112 scripsi:
815 2052 915 2099 dies
952 2049 1014 2098 V.

251 2126 360 2172 550
398 2127 593 2174 incessit
627 2124 888 2173 Heinsius:
927 2124 1133 2173 incussit
1169 2122 1230 2170 V.

252 2198 358 2245 565
417 2214 488 2259 sq.
542 2199 701 2258 quatis
753 2199 815 2246 ab
874 2195 1060 2245 Oceano
1112 2196 1322 2244 nitidam
1383 2195 1554 2243 chorus
1607 2194 1803 2242 aethera

101 2273 263 2326 uestit,
314 2272 542 2331 quahbas
579 2272 847 2331 adsumens
882 2285 978 2318 nox
1024 2283 1179 2318 awrea
1225 2270 1433 2329 cinyitswr
1487 2267 1650 2316 astri&
1751 2268 1805 2314 in

101 2347 316 2407 utroque
369 2361 522 2393 uersu
576 2360 689 2392 cum
741 2344 890 2406 plane
945 2344 1079 2391 idem
1117 2342 1327 2398 dicatur,
1382 2343 1686 2390 alterutrum
1740 2341 1803 2389 ab

103 2419 465 2481 interpolatore
512 2419 729 2481 quodam
775 2418 1004 2466 additum
1049 2419 1159 2479 aut,
1207 2417 1292 2478 qui
1344 2416 1578 2464 ultimam
1631 2416 1805 2463 limam

103 2493 461 2555 Argonauticis
501 2508 531 2540 a
568 2495 718 2554 poeta
755 2508 856 2540 non
893 2491 1119 2539 additam
1156 2493 1375 2553 censent,
1415 2492 1593 2552 postea
1632 2489 1695 2537 ab
1745 2505 1801 2536 eo

105 2566 372 2614 delendum
430 2566 587 2614 fuisse
650 2568 895 2615 statuunt.
992 2566 1229 2613 neutrum
1298 2564 1583 2626 probabile3
1652 2564 1803 2610 immo

105 2639 364 2688 lenissima
409 2641 686 2690 mutatione
724 2656 814 2702 pro
862 2633 1118 2687 ‘nitidum’
1157 2638 1500 2701 reponendum
1538 2639 1615 2685 est
1647 2631 1806 2684 ‘uolu-

110 2707 285 2761 crum'.
361 2729 520 2775 neque
574 2714 708 2762 enim
761 2729 886 2776 opus
941 2715 1020 2762 est
1071 2714 1130 2760 ut
1186 2711 1300 2759 dein
1353 2712 1544 2759 Bulaeo
1602 2712 1806 2759 auctore

110 2786 447 2835 rescribamus
487 2782 670 2849 ‘qualis
710 2790 762 2836 et
800 2780 1114 2850 adsurgens',
1155 2801 1267 2833 cum
1305 2785 1436 2833 duas
1477 2784 1804 2847 comparatio-

111 2876 201 2909 nes
252 2861 392 2908 nulla
445 2860 617 2910 addita
676 2861 926 2924 particula
986 2861 1221 2922 copulent
1281 2859 1547 2921 aliquando
1612 2861 1806 2922 poetae.

115 2937 194 2982 est
234 2938 404 2982 autem
442 2934 570 2981 illud
615 2929 698 2983 ‘ab
740 2934 939 2983 Oceano
987 2935 1248 2982 uolucrum
1294 2927 1494 2981 chorus'
1541 2948 1601 2981 ea
1644 2933 1809 2980 breui-
