2020 3120
769 599 829 669 e.
877 599 1167 669 VALERI
1213 599 1485 669 FLAccl

563 749 1675 834 ARGONAUTIOON

794 909 1047 965 LIBER
1086 910 1460 965 TERTIUS.

277 1193 446 1255 Tertia
483 1196 581 1244 iam
621 1194 804 1259 gelidas
846 1194 1075 1245 Tithonia
1116 1195 1335 1245 soluerat
1372 1194 1574 1245 umbras

279 1274 584 1336 exueratque
624 1267 816 1334 polum3
857 1268 1049 1333 Tiphyn
1088 1269 1279 1334 placida
1318 1269 1412 1319 alta
1451 1269 1708 1321 uocabant.

276 1344 316 1392 it
354 1335 501 1391 tectis
540 1341 701 1407 Argoa
740 1358 938 1409 mamm,
980 1343 1127 1392 simul
1165 1343 1289 1392 urbe
1330 1344 1523 1408 profusi

276 1416 491 1465 Aenidae
532 1418 660 1465 caris
701 1418 893 1465 socium
933 1416 1238 1481 digressibus
1277 1417 1498 1466 haerent.

276 1490 394 1539 dant
434 1489 669 1539 Cererem
708 1490 991 1555 lectumque
1032 1506 1186 1555 pecus
1227 1506 1319 1540 nec
1358 1490 1560 1556 palmite
1598 1490 1849 1543 Bacchum
1947 1501 1974 1543 ὅ

274 1563 486 1629 Bithyno
526 1563 806 1629 Phrygioue
847 1571 1029 1631 satum,
1070 1565 1157 1614 sed
1198 1580 1347 1629 quem
1386 1581 1475 1614 sua
1514 1572 1631 1615 noto

277 1637 400 1687 colle
440 1653 531 1703 per
570 1645 805 1702 angustae
846 1637 1032 1687 Lesbos
1073 1639 1199 1689 freta
1238 1641 1460 1712 suggerit
1497 1638 1678 1690 Helles,
1724 1631 1803 1673 ³⁰¹<

275 1714 382 1776 ipse
423 1714 523 1776 agit
561 1712 834 1762 Aesonidae
874 1715 1072 1762 iunctos
1112 1713 1171 1762 ad
1210 1712 1356 1762 litora
1395 1728 1597 1778 gressus
1675 1726 1677 1729 ’

278 1785 482 1850 Cyzicus
508 1786 756 1835 vabscessu
794 1787 1055 1836 lacrimans
1094 1793 1374 1848 oneratque
1411 1789 1642 1850 superbis

276 1859 593 1926 muneribus,
632 1862 816 1924 primas
858 1860 1074 1909 coniunx
1112 1860 1345 1909 Percosia
1384 1867 1554 1910 uestes
1920 1871 1976 1914 10

222 1945 399 2005 ,lgquas
439 1933 643 1983 dederat
680 1936 814 1998 picto
857 1941 906 1983 et
946 1933 1068 1983 Clite
1109 1936 1392 1983 uariauerat
1430 1950 1566 1984 auro,

68 2071 71 2079 ι
221 2003 251 2061 {A
276 2013 383 2057 tum
422 2006 610 2071 galeam
650 2014 699 2057 et
736 2009 923 2073 patriae
963 2007 1118 2056 telum
1156 2007 1490 2072 insuperabile
1531 2008 1732 2058 dextrae

70 2075 169 2131 {2st
276 2081 490 2131 addidit:
529 2083 635 2146 ipse
677 2082 817 2131 ducis
858 2081 1084 2150 QlQIES,
1125 2088 1175 2131 et
1214 2081 1448 2131 Thessala
1488 2088 1661 2132 eontra

276 2155 415 2204 frena
448 2157 579 2220 capit
617 2155 945 2220 manibusque
987 2155 1112 2204 datis
1151 2157 1358 2204 iunxere
1398 2162 1618 2220 penates,

350 2228 426 2277 Tu
465 2229 585 2278 mihi
625 2245 759 2278 nunc
800 2245 973 2278 causas
1011 2229 1309 2294 infandaque
1348 2229 1559 2297 proelia,
1599 2228 1719 2296 Clio,
1916 2239 1972 2280 15

274 2302 434 2366 pande
474 2305 662 2369 uirum3
702 2303 792 2352 tibi
832 2306 964 2352 enim
1003 2318 1242 2367 superum
1282 2302 1412 2369 data,
1451 2305 1618 2369 uirgo,
1657 2301 1862 2353 facultas

274 2390 422 2424 nosse
463 2378 652 2426 animos
694 2392 963 2440 rerumque
1003 2378 1124 2425 uias,
1181 2391 1270 2424 cur
1311 2376 1424 2425 talia
1461 2391 1639 2441 passus

277 2463 434 2516 arma,
474 2450 593 2514 quid
632 2450 862 2515 hospitiis
901 2451 1095 2499 iunctas
1136 2464 1436 2499 concurrere
1478 2449 1676 2499 dextras

259 2520 535 2590 luppiter?
574 2524 705 2573 unde
746 2523 893 2573 tubae
934 2529 1277 2587 nocturnaque
1315 2525 1473 2573 mouit
1509 2518 1727 2589 Erinys?

349 2596 587 2663 Dindyma
627 2600 909 2663 sanguineis
948 2597 1186 2647 famulum
1223 2596 1458 2646 bacchata
1495 2596 1693 2647 lacertis
1915 2606 1973 2649 20

274 2670 393 2720 dum
431 2671 626 2721 uolucri
666 2674 825 2737 quatit
863 2687 1007 2737 asper
1047 2686 1174 2735 equo
1215 2670 1464 2735 siluasque
1504 2671 1674 2736 fatigat

181 2788 183 2790 .
276 2743 503 2812 Cyzicus7
541 2747 732 2810 ingenti
768 2746 979 2811 praedae
1021 2745 1259 2809 deceptus
1299 2760 1465 2795 amore

274 2817 537 2868 adsuetum
575 2819 813 2884 Phrygias
853 2819 1101 2868 dominam
1139 2824 1340 2868 uectare
1380 2834 1471 2886 per
1509 2817 1661 2868 urbes

274 2894 524 2956 oppressit
562 2894 722 2943 iaculo
762 2894 1056 2961 redeuntem
1096 2893 1155 2942 ad
1195 2893 1335 2941 frena
1373 2892 1582 2942 leonem.
