1982 3120
187 141 289 186 LVI
862 140 1206 186 PRAEFATIO

338 267 444 314 548
486 268 851 326 totos—fluctus
875 267 1073 328 scripsi:
1113 269 1539 326 totas—flammas
1562 266 1609 314 V
1633 282 1692 315 ex
1729 282 1883 316 uersu

192 339 530 402 antecedenti3
571 340 630 388 cf.
673 340 794 389 572.

341 430 449 477 550
491 428 703 477 Graium
742 444 801 476 ex
839 429 885 475 V
925 428 1140 476 restitui.

341 518 443 565 551
493 518 636 565 istius
682 516 884 579 scripsi:
931 518 1087 577 ipsius
1132 516 1193 564 V.
1236 542 1300 549 —-
1335 521 1507 577 pereat
1537 515 1884 565 Schenkelius:

182 593 389 651 pereant
425 590 486 638 V.

339 678 444 726 552
487 692 617 726 aura
657 677 854 740 scripsi:
896 682 1030 739 terqa
1069 677 1129 725 V.

341 767 446 814 558
488 765 688 814 decessit
724 766 922 828 scripsi:
963 766 1178 814 discessit
1214 766 1274 814 V.
1353 766 1443 814 sed
1480 765 1779 814 discedimus
1821 766 1884 814 ab

191 838 501 902 hominibus,
542 838 824 887 decedimus
865 855 895 887 a
933 840 1068 904 locis.

344 927 451 976 560
491 928 651 976 stabat
686 931 741 974 ut
779 930 1000 975 extremis
1038 928 1252 976 desertus
1290 928 1351 976 ab
1390 929 1586 976 orbibus
1623 929 1744 976 axis.
1813 927 1887 975 ita
1975 942 1978 945 ’

189 1000 249 1061 V,
303 1000 401 1048 nisi
459 1001 593 1062 quod
640 995 851 1049 ‘oribus'
907 1001 1132 1062 praebet.
1226 1001 1269 1048 si
1323 1001 1387 1048 ad
1441 1003 1630 1064 quanta
1675 1000 1888 1049 artificia

189 1073 483 1136 confugiant
520 1073 824 1135 interpretes
864 1075 928 1121 ad
965 1072 1283 1135 ineptissima
1322 1089 1547 1137 quaeque
1579 1074 1888 1122 defendenda

190 1163 288 1196 uno
346 1148 571 1209 exemplo
627 1163 927 1210 cognoscere
966 1147 1066 1209 uis,
1120 1148 1263 1210 legas
1313 1163 1439 1210 quae
1487 1147 1548 1196 de
1594 1147 1690 1196 hoc
1734 1161 1887 1196 uersu

189 1221 527 1283 protulerunt.
603 1221 747 1269 nobis
795 1221 1054 1283 Valerius,
1096 1221 1139 1269 si
1176 1237 1231 1269 re
1269 1233 1393 1269 uera
1440 1214 1585 1269 ‘axis'
1633 1214 1890 1287 (quocum-

191 1310 287 1358 que
336 1294 484 1342 modo
532 1287 740 1360 accipis)
782 1294 1086 1357 scripsisset,
1124 1294 1361 1357 indignus
1400 1295 1568 1342 hercle
1614 1294 1888 1357 uideretur,

188 1368 241 1415 in
282 1384 382 1430 quo
423 1368 730 1416 emendando
782 1370 981 1430 tempus
1022 1383 1385 1417 consumamus.
1461 1368 1632 1430 itaque
1670 1367 1890 1430 primum

188 1458 281 1503 pro
334 1436 583 1489 ‘desertus
619 1436 704 1489 ab'
754 1442 931 1503 scripsi
978 1436 1198 1490 ‘deserta
1239 1436 1373 1503 sub'3
1423 1441 1601 1489 deinde
1647 1443 1736 1490 aut
1775 1435 1889 1491 ‘sub

190 1515 366 1563 axibus
406 1509 576 1562 arbos'
624 1515 712 1562 aut
761 1515 1034 1576 simplicius
1085 1509 1198 1563 ‘sub
1250 1515 1456 1563 orbibus
1503 1509 1672 1563 arbos'
1720 1514 1888 1577 legen-

189 1589 308 1636 dum
345 1590 484 1650 puto.
530 1587 658 1635 nihil
699 1589 831 1636 enim
868 1588 985 1636 huic
1014 1588 1124 1636 loco
1164 1588 1332 1650 aptius
1372 1588 1471 1636 dici
1492 1588 1680 1651 fingiue
1718 1589 1890 1650 potest

190 1677 340 1723 quam
384 1661 579 1710 Iasonis
627 1677 739 1709 cum
778 1662 958 1710 arbore
1007 1662 1062 1709 in
1099 1662 1314 1710 desertis
1353 1661 1645 1724 regionibus
1686 1663 1888 1710 extante

192 1734 515 1796 comparatio.
608 1735 732 1783 haec
785 1735 933 1783 lectio
985 1735 1075 1782 ubi
1130 1721 1284 1783 sensel
1346 1735 1623 1796 deprauata
1677 1738 1777 1797 est,
1838 1751 1887 1782 u.

194 1809 296 1857 561
343 1811 393 1855 et
434 1809 538 1857 562
582 1824 642 1856 ex
683 1803 870 1870 ‘quam'
909 1808 1106 1856 librarii
1142 1809 1370 1856 fecerunt
1409 1802 1610 1870 ‘quem'.

338 1883 441 1930 562
484 1896 658 1930 sursus
698 1881 1030 1930 Schraderus:
1069 1897 1246 1930 rursus
1282 1882 1343 1930 V.

340 1955 446 2002 572
492 1959 624 2003 atros
682 1955 888 2003 uoluwnt
916 1981 986 1987 —
1003 1957 1180 2014 fluctus
1218 1955 1413 2016 scripsi:
1454 1958 1561 2004 atro
1597 1955 1798 2003 uoluens
1824 1980 1889 1989 —

190 2029 347 2086 fluctu
377 2027 424 2073 V
462 2027 611 2075 nimis
649 2029 912 2089 tautologe
952 2043 1066 2075 cum
1105 2028 1175 2076 eis
1218 2043 1343 2089 quae
1382 2028 1702 2089 praecedunt.

341 2101 447 2148 575
487 2102 632 2160 flerat
668 2100 865 2162 scripsi:
903 2102 1048 2159 flebat
1083 2101 1143 2147 V.

341 2174 445 2221 587
507 2175 635 2222 ilicet
661 2199 721 2207 -—-
753 2173 818 2222 ad
875 2174 1148 2234 squalentia
1211 2175 1408 2235 scripsi:
1471 2175 1608 2222 zmcit
1643 2200 1710 2206 ——
1747 2178 1890 2235 atque

191 2248 414 2295 ardentia
452 2247 511 2295 V.

340 2321 445 2369 604
487 2334 536 2368 ec
575 2321 772 2382 scripsi:
813 2335 871 2369 ac
909 2321 968 2367 V.

342 2395 446 2441 619
487 2396 668 2442 secanti
704 2394 847 2441 Pius:
887 2396 1083 2454 sequaci
1112 2394 1173 2440 V.

343 2467 449 2514 620
489 2467 697 2515 leuautis
737 2466 932 2528 scripsi:
972 2468 1209 2526 sequentis
1247 2465 1294 2513 V
1333 2482 1392 2513 ex
1430 2483 1478 2512 u.
1516 2466 1698 2528 priore.

342 2541 443 2588 621
490 2554 540 2588 ec
579 2539 779 2602 scripsi:
820 2555 853 2588 a
890 2539 952 2589 V.

340 2614 447 2662 630
485 2615 674 2662 subiere
713 2613 909 2675 scripsi:
948 2614 1113 2662 uidere
1150 2613 1210 2660 V.

341 2688 446 2735 646
486 2687 740 2747 hauritque
775 2689 947 2749 qrauis
985 2686 1181 2748 scripsi:
1220 2687 1409 2746 uritque
1442 2700 1646 2746 qrauem
1684 2687 1744 2734 V.

342 2762 447 2809 648
488 2762 615 2821 fuyz‘t
651 2760 910 2808 Heinsius:
950 2761 1075 2819 furit
1112 2760 1173 2809 V.

342 2834 447 2881 649
486 2838 541 2881 ut
578 2834 775 2896 scripsi:
814 2834 890 2881 hic
927 2833 988 2882 V.

344 2906 448 2954 652
491 2922 613 2966 quae
650 2908 991 2955 Burmannus:
1031 2908 1114 2967 qui
1152 2907 1212 2955 V.
