1982 3120
785 179 869 224 AD
900 181 1013 225 LIB.
1045 181 1146 226 VII.
1751 179 1813 223 LI

272 310 375 357 582
426 308 563 368 eques
607 307 919 367 confunderet
964 320 1093 354 arua
1141 304 1338 366 scripsi:
1389 305 1520 364 equis
1574 305 1699 364 quod
1736 305 1812 364 fu-

121 384 275 430 derat.
297 396 440 431 arma
476 379 537 428 V.

270 457 376 504 583
418 457 723 515 errantesque
761 453 1058 502 Sabellicus:
1098 456 1379 513 orantesque
1416 451 1477 499 V.

270 529 375 577 586
416 543 545 577 umus
584 527 786 590 scripsi:
824 542 1002 576 saeuus
1038 526 1099 574 V.

270 604 378 651 600
418 597 589 650 ‘effata
627 602 785 650 aciem
823 595 1032 663 campis'
1070 599 1374 662 Maduigius.

272 678 373 725 601
419 677 725 735 ardentisque
764 674 963 736 scripsi:
1005 675 1316 734 ardentesque
1344 672 1421 733 -V,
1468 672 1522 719 in
1568 687 1664 735 quo
1707 687 1812 720 sae-

116 750 325 812 pissime
370 744 463 798 ‘es'
502 751 554 797 et
592 743 675 796 ‘is'
715 747 965 807 confusae,
1003 750 1061 795 ut
1100 762 1172 794 ex.
1213 763 1289 808 gr.
1337 747 1468 807 424,
1510 747 1639 807 598,
1690 747 1811 794 634.

269 825 374 872 602
414 837 473 871 ae
508 822 768 870 Heinsius:
809 822 876 871 ad
911 820 972 868 V.

268 899 372 946 607
415 890 599 958 ‘uirgo'
641 895 747 943 sine
787 894 938 943 dubio
978 896 1272 956 corruptum
1311 896 1402 941 est.
1465 894 1594 942 latet
1630 909 1812 942 nomen

117 971 256 1020 ducis
297 969 506 1018 alicuius
544 968 762 1018 hostilis,
967 1013 970 1016 Α

268 1046 373 1093 608
414 1045 603 1092 autumi
641 1043 702 1105 V,
743 1042 935 1090 correxi
951 1043 1179 1090 —locati
1217 1041 1417 1102 scripsi:
1455 1043 1618 1089 uocati
1655 1040 1715 1088 V.

265 1119 371 1166 614
417 1119 575 1179 recte,
619 1117 673 1164 ni
708 1116 879 1178 fallor,
925 1115 1053 1162 illud
1092 1110 1406 1177 ‘spargitque
1459 1109 1664 1162 famem’
1706 1129 1812 1162 sus-

114 1191 338 1253 pectauit
398 1190 693 1280 Meync'kius
758 1187 803 1251 [I
861 1154 1145 1250 219].sed
1189 1204 1311 1250 prae
1366 1188 1473 1236 eius
1528 1187 1814 1236 coniectura,

122 1260 339 1327 ‘spargit
379 1257 588 1312 saniem'
627 1262 800 1310 malim
838 1258 1116 1324 pascitque
1154 1256 1373 1309 famem'.

267 1339 372 1386 617
422 1341 610 1386 turmae
656 1336 855 1398 scripsi:
892 1351 1094 1397 puynae
1137 1336 1199 1384 V.
1245 1362 1318 1368 —
1363 1317 1658 1398 Meynckius
1703 1336 1812 1383 1.1.

115 1412 296 1460 maluit
336 1405 654 1459 crudescunt
694 1426 834 1473 sang.
872 1404 1108 1473 pugnae'.

265 1487 367 1534 621
412 1489 456 1533 et
493 1485 694 1546 scripsi:
734 1485 801 1532 ad
837 1483 898 1531 V.

266 1561 371 1607 626
411 1573 633 1607 maerens
671 1559 723 1606 et
756 1559 860 1606 627
887 1559 1091 1618 frement
1122 1557 1527 1619 Peerlkampius:
1552 1560 1812 1606 maeret-

113 1634 328 1692 fremwnt
364 1632 425 1680 V.

266 1708 369 1754 632
409 1706 835 1755 hiberna—arcto
875 1706 1074 1768 scripsi:
1113 1706 1505 1754 hiberno—areu
1542 1704 1590 1751 V
1627 1704 1810 1766 inepte.

265 1781 370 1828 653
432 1780 736 1829 Haemoniae
797 1779 996 1842 scripsi:
1065 1777 1308 1828 Aesom'ae
1376 1779 1445 1842 V;
1516 1779 1577 1827 cf.
1638 1781 1812 1827 notam

114 1856 341 1901 nostram
386 1853 574 1901 ad'III
621 1854 744 1902 284.
819 1853 913 1902 hoc
959 1854 1067 1902 loco
1114 1855 1379 1915 praeterea
1426 1853 1688 1902 offensioni
1735 1854 1812 1901 est

116 1926 349 1989 repetitio
387 1927 478 1974 ina
517 1922 785 1976 ‘Aesoniae
825 1922 895 1975 ‘et
935 1922 1267 1976 eAesonides'.

264 2002 368 2050 657
417 1997 510 2050 dea
539 2005 757 2050 smouet
802 2001 1000 2063 scripsi:
1040 1998 1160 2050 deus
1194 2005 1385 2051 amoueri
1421 2001 1480 2048 V.
1520 2001 1689 2049 nullus
1729 2000 1810 2048 hic

116 2075 293 2123 Amori
330 2075 468 2123 locus
508 2077 601 2138 est,
641 2075 728 2138 qui
763 2078 899 2124 recte
929 2093 977 2124 11.
1005 2077 1109 2125 673
1153 2076 1353 2124 demum
1377 2076 1809 2124 commemoratur.

268 2150 371 2196 661
413 2163 532 2197 nam
569 2148 770 2210 scripsi:
807 2163 894 2196 nec
931 2149 992 2195 V.

266 2223 369 2269 706
412 2223 513 2282 ayit
550 2220 610 2269 C:
651 2224 723 2269 ait
758 2222 820 2268 V.

265 2296 368 2343 729
409 2296 622 2343 iussistis
660 2310 720 2343 ex
756 2294 804 2340 V
842 2293 1059 2343 restitui.

268 2368 375 2417 734
415 2382 506 2428 quo
544 2368 658 2428 falli
695 2371 739 2417 et
776 2368 974 2430 scripsi:
1014 2383 1105 2428 quo
1143 2370 1274 2429 fellet
1310 2369 1372 2417 V.

264 2443 370 2490 754
410 2442 677 2502 diyreditwr
712 2440 775 2504 V,
814 2457 938 2491 corr.
978 2442 1206 2491 Vossius

266 2515 370 2563 756
415 2516 481 2564 ad
518 2515 711 2564 addidi:
752 2531 846 2564 om.
886 2515 947 2562 V.

158 2660 259 2708 VII
301 2662 333 2710 8
374 2676 573 2711 amasam
610 2662 738 2711 Phil.
778 2662 1062 2725 Wagnerus
1115 2662 1160 2725 [I
1204 2661 1356 2725 643]:
1398 2665 1609 2724 paubwm
1646 2663 1706 2710 V.

267 2738 331 2783 17
371 2735 674 2785 Haemonias
713 2736 912 2799 scripsi:
951 2735 1194 2787 Aesom‘as
1235 2737 1293 2785 V.

263 2809 333 2856 20
371 2809 462 2857 hue
486 2808 832 2859 Schenkelius:
863 2811 990 2859 hemo
1019 2810 1080 2858 V.
1106 2837 1175 2844 —
1203 2825 1349 2860 carus
1380 2810 1576 2873 scripsi:
1614 2811 1725 2860 talis
1747 2808 1809 2860 V.

266 2883 331 2929 21
377 2882 648 2946 ‹Iscorwmque
686 2883 885 2946 scripsi:
926 2888 1116 2944 twmque
1154 2885 1215 2933 V.

260 2957 328 3003 22
370 2956 549 3004 lwmine
586 2961 673 3005 εοΐι
712 2957 909 3020 scripsi:
951 2959 1211 3007 limeneaeo
1250 2959 1310 3006 V.

1388 3038 1452 3083 d*
