2020 3120
566 147 1054 194 ARGONAUTICON
1085 149 1268 194 LIBER
1299 150 1355 194 11.
1743 150 1812 202 39

112 276 266 327 cauda
305 274 454 339 redit,
491 288 763 338 passosque
805 274 944 323 sinus
984 275 1112 338 rapit
1151 274 1302 323 ardua
1343 276 1530 324 ceruix.

110 350 241 401 illam
278 346 648 397 incumbentem
685 363 776 412 per
815 347 946 396 mille
986 346 1239 397 uolumina
1275 354 1460 413 pontus

110 424 430 490 prosequitur
468 420 610 485 lateri
650 421 924 489 adsultans,
962 422 1269 487 trepidisque
1310 428 1540 472 ruentem

109 495 337 547 litoribus
377 510 465 544 sua
505 497 637 560 cogit
675 494 881 560 hiempS.
937 511 1037 544 non
1076 495 1311 546 fluctibus
1351 498 1520 561 aequis
1720 507 1806 548 505

42 630 46 635 ¹
110 570 325 621 nubiferi
365 571 505 618 uenit
543 569 675 618 unda
714 569 851 635 Noti,
892 585 991 618 non
1031 569 1229 619 Africus
1270 569 1366 619 alto

109 650 273 695 tantus
314 650 430 692 ouat
467 644 742 708 patriisque
782 658 958 692 manus
998 659 1112 693 cum
1150 644 1329 709 plenus
1368 643 1574 694 habenis

110 718 262 768 Orion
302 716 538 783 bipedum
576 717 695 766 ssatu
734 732 869 766 mare
910 717 1038 766 tollit
1078 724 1336 782 equorum.

53 818 57 820 <
101 807 222 841 ecce
263 791 441 840 ducem
478 790 684 855 placitae
725 791 868 840 furiis
909 791 1207 840 crudescere
1246 807 1439 856 pugnae

107 871 493 930 surgentemque
533 866 657 935 tori-s
698 870 866 930 stupet
903 867 1267 930 immanemque
1307 872 1483 930 paratu
1620 882 1626 889 ·
1718 877 1806 918 510

105 939 340 988 Aeacides
378 938 678 1003 pulsentque
718 954 898 1003 graues
938 946 993 988 ut
1032 945 1170 1004 terga
1208 939 1486 1004 pharetrae.

105 1013 186 1062 ille
226 1019 418 1077 patrem
455 1012 715 1077 pelagique
756 1013 876 1068 deos
917 1029 1103 1078 suaque
1145 1029 1278 1062 arma
1318 1022 1551 1078 precatus

104 1087 293 1136 insiluit
333 1086 559 1152 scopulO,
598 1093 886 1151 motumque
928 1103 954 1136 e
996 1087 1197 1136 sedibus
1238 1103 1424 1152 aequor

105 1161 301 1210 horruit
341 1166 390 1209 et
430 1160 550 1209 celsi
599 1163 814 1226 spatiosa
852 1161 1106 1210 uolumina
1145 1163 1370 1233 monstri.

104 1234 262 1300 qualis
301 1234 387 1284 ubi
426 1250 453 1282 a
491 1234 639 1299 gelidi
677 1234 862 1283 Boreas
903 1235 1211 1284 conuallibus
1251 1234 1406 1284 Hebri
1717 1246 1802 1286 515

105 1308 296 1359 tollitur
336 1314 386 1357 et
424 1307 914 1432 uolucrefflffl
951 1325 1043 1374 per
1082 1309 1235 1358 ardua
1275 1309 1434 1359 nubes

103 1384 398 1448 praecipitat
438 1377 604 1450 (piceo
838 1388 1066 1432 m·tenet
1106 1385 1271 1432 omnia
1311 1378 1495 1452 caelo):

103 1456 185 1506 illa
225 1455 372 1505 simul
408 1456 590 1506 molem
628 1456 910 1506 horrificam
950 1458 1307 1522 scopulosaque
1349 1464 1488 1523 terga
1608 1510 1610 1512 ,

59 1571 73 1582 .
138 1546 195 1585 ro
249 1536 366 1578 ouet
406 1531 454 1599 {gn
490 1532 690 1595 entique
729 1528 885 1590 unfflc(
901 1530 1056 1597 subit3
1096 1533 1365 1581 intremere
1405 1532 1521 1600 inde
1549 1509 1687 1564 ᾸᾮίΨ

122 1546 340 1668 filigilque
380 1546 535 1653 daig?
558 1620 743 1670 pronae
784 1611 930 1670 atque
971 1621 1235 1670 resurgere
1275 1590 1654 1671 puppesffl«
1718 1616 1805 1658 520

102 1685 312 1744 occupat
350 1677 545 1727 Alcides
586 1694 757 1728 arcum
795 1686 997 1744 totaque
1036 1679 1298 1744 pharetrae

106 1752 236 1801 nube
275 1753 470 1817 premit.
549 1768 649 1802 non
688 1753 768 1802 illa
807 1755 962 1818 magis
1003 1769 1151 1819 quam
1191 1755 1307 1803 sede
1347 1761 1580 1804 mouetur

104 1841 310 1891 magnus
347 1825 479 1892 Eryx
487 1867 502 1893 ‚
543 1826 738 1876 deferre
779 1827 935 1877 uelint
975 1844 1124 1893 quem
1162 1828 1373 1878 uallibus
1406 1828 1608 1879 imbres,

105 1903 203 1950 iam
240 1899 409 1949 breuis
450 1907 499 1949 et
536 1900 634 1950 telo
674 1901 868 1951 uolucri
908 1918 1008 1951 non
1047 1902 1185 1951 utilis
1226 1918 1322 1953 aer.

102 1981 211 2024 tum
249 1989 369 2023 uero
409 1975 637 2025 fremitus
676 1977 890 2040 uanique
931 1978 1122 2025 insania
1162 1979 1325 2042 coepti
1714 1986 1800 2027 525

100 2055 154 2098 et
193 2050 372 2098 tacitus
410 2049 572 2113 pudor
611 2056 662 2098 et
699 2066 877 2099 rursus
915 2050 1185 2115 pallescere
1226 2053 1394 2116 uirgo:

103 2123 284 2187 proicit
323 2137 456 2170 arma
495 2137 667 2188 mann,
707 2123 937 2188 scopulos
978 2126 1240 2188 uicinaque
1283 2141 1398 2173 saxa
1415 2130 1527 2190 (γὰρ

106 2196 331 2260 respicit,
364 2201 415 2243 et
454 2201 694 2259 quantum
731 2199 897 2246 uentis
938 2197 1102 2261 adiuta
1141 2203 1367 2255 uetustas
1427 2227 1430 2230 >

103 2267 353 2334 inpulerat
389 2270 595 2333 pontiue
637 2270 824 2336 fragor,
864 2277 1056 2320 tantum
1097 2271 1305 2321 abscidit
1344 2273 1430 2321 imi

100 2343 392 2392 concutiens
432 2357 458 2390 a
498 2343 613 2392 sede
654 2346 818 2393 mariS.
874 2347 1068 2410 iamque
1110 2348 1301 2410 agmine
1343 2351 1447 2394 toto
1713 2355 1801 2397 530

101 2416 273 2482 pistris
313 2416 452 2464 adest
493 2418 802 2483 miseraeque
842 2418 998 2468 inhiat
1035 2420 1131 2468 iam
1170 2422 1394 2484 proxima
1431 2419 1658 2485 praedae.
1714 2434 1814 2458 ”τ»

101 2484 411 2539 §tat-mediis
451 2490 608 2540 elatus
647 2493 788 2556 aquis
827 2494 1104 2558 recipitque
1145 2500 1374 2543 ruentem

101 2564 296 2613 Alcides
336 2579 552 2629 saxoque
591 2567 730 2630 prior
754 2569 1023 2631 'surgentia
1064 2567 1187 2617 colla

101 2637 289 2702 obruit3
327 2637 443 2687 hinc
484 2638 672 2689 ualidos
712 2640 887 2689 nodosi
926 2641 1122 2690 roboris
1163 2644 1294 2691 ictus
1494 2704 1497 2707 .

98 2712 426 2776 congeminat.
480 2712 662 2763 fluctus
703 2714 927 2764 defertur
967 2714 1111 2764 belua
1151 2717 1202 2764 in
1241 2717 1366 2764 imos
1647 2708 1800 2766 '“''⁹5'35

43 2816 46 2819 -
101 2787 199 2834 iam
239 2787 355 2834 totis
395 2786 613 2836 resoluta
651 2788 815 2854 uadis3
855 2787 1095 2854 Idaeaque
1138 2796 1296 2839 mater

100 2866 150 2908 et
190 2858 372 2908 chorus
413 2866 462 2908 et
501 2863 707 2911 summis
747 2861 1002 2912 ulularunt
1042 2863 1250 2913 collibus
1291 2864 1487 2913 Amnes,

98 2935 327 2998 protinus
367 2949 393 2982 e
434 2934 650 3000 scopulis
690 2942 743 2984 et
779 2951 930 3002 opaca
970 2937 1095 2986 ualle
1136 2944 1407 3003 resurgunt
