1982 3120
221 133 367 179 XLIV
894 134 1239 178 PRAEFATIO

379 260 444 306 27
453 259 483 306 3
531 261 724 319 maqm‘s
768 271 935 319 reyum
981 273 1088 306 cum
1132 259 1327 306 malachus
1371 259 1494 306 urbi.
1577 258 1651 306 ita
1695 257 1756 306 V.
1833 258 1920 306 sed

222 334 281 378 ut
320 325 556 394 ‘magnis'
593 331 721 379 illud
751 331 930 380 merito
955 331 1259 394 Burmanno,
1285 331 1370 393 qui
1401 325 1614 380 ‘multis'
1638 331 1916 395 proposuit,

224 404 486 452 offensioni
522 405 635 467 fuit,
673 404 746 452 ita
785 400 984 467 ‘regum
1020 399 1180 452 milia'
1218 404 1535 453 intolerabile
1575 408 1667 453 est.
1742 405 1914 467 itaque

223 477 459 540 rescripsi
513 473 791 540 ‘molibus'3
847 479 917 526 sic
969 478 1103 526 infra
1158 475 1227 539 [u.
1285 474 1413 539 282]
1470 473 1674 541 ‘magna
1710 472 1920 540 'pariter

225 566 348 614 quos
388 551 518 599 mole
556 546 823 613 petamus'.

374 625 477 672 287
526 640 736 686 maynus
785 624 976 672 addidi:
1010 628 1126 672 om.
1167 625 1234 687 V3
1282 625 1343 673 cf.
1383 624 1537 688 Verg.
1576 625 1649 673 VI
1690 626 1782 687 713
1822 624 1920 673 VII

375 772 480 820 308
545 772 669 820 alios
725 769 1019 820 Columbus:
1083 773 1206 820 altos
1258 771 1319 822 V
1373 798 1443 805 —
1498 772 1658 820 dubiis
1717 771 1916 834 scripsi.

226 845 364 892 dumis
402 843 462 907 V,
502 861 598 906 quo
640 847 840 893 seruato
881 847 991 894 tota
1029 845 1336 908 comparatio
1376 845 1636 894 claudicat.
1699 847 1922 894 ceterum

224 917 356 965 unde
410 917 500 965 illa
555 913 664 966 ‘aut
718 919 982 981 sanguinei
1037 945 1106 951 —
1163 919 1399 981 gentibus
1454 913 1615 967 ortus'
1669 918 1921 980 pendeant

225 1006 326 1039 non
383 992 506 1040 satis
560 991 877 1054 perspicitur.
967 993 1138 1055 itaque
1190 993 1407 1042 fortasse
1470 987 1578 1041 dat
1638 986 1920 1055 sanguinei'

227 1064 560 1112 scribendum.

377 1139 481 1187 313
513 1139 709 1198 pridem
746 1140 1047 1202 nescioquis:
1077 1140 1300 1199 primum
1336 1139 1396 1187 V.

375 1213 481 1260 316
521 1211 736 1260 fortasse
778 1207 887 1260 ‘nec
925 1213 1098 1275 pelagi
1135 1229 1347 1262 nocuere
1385 1207 1534 1261 uiae'.

377 1286 483 1333 318
523 1290 718 1346 sparqet
755 1286 885 1334 edd.:
925 1288 1114 1347 sparyit
1150 1286 1210 1334 V.

378 1359 485 1407 324
515 1373 684 1418 pauor
721 1359 928 1407 Aldina:
960 1361 1126 1420 pudor
1165 1359 1224 1407 V.

377 1433 481 1480 326
524 1433 635 1493 Zeyit
672 1433 930 1482 Heinsius:
961 1435 1086 1494 petit
1122 1433 1182 1480 V.

377 1506 482 1554 329
523 1509 648 1555 sorte
685 1507 980 1570 Meynckius
1020 1501 1069 1573 (Ι
1107 1500 1227 1572 46):
1266 1509 1390 1568 forte
1433 1507 1492 1555 V.

376 1580 485 1639 3394
514 1594 699 1640 pueros
736 1580 803 1627 V:
834 1596 992 1641 puero
1031 1580 1476 1644 Eyssenhardtius.
1517 1607 1586 1613 -
1627 1581 1922 1629 &emendum

225 1651 591 1702 Wakefieldus:
632 1657 914 1703 trementum
951 1654 1011 1702 V.

375 1727 481 1774 363
523 1731 638 1775 sunt
675 1727 880 1775 Aldina:
924 1730 991 1776 sic
1028 1729 1088 1775 V.

375 1801 483 1847 370
523 1801 779 1860 mortiferas
815 1801 1159 1850 Burmannus:
1201 1802 1431 1862 luciferas
1468 1801 1528 1849 V.

378 1874 480 1921 371
525 1875 664 1922 tardo
703 1875 902 1936 scripsi:
942 1879 1075 1923 tanto
1113 1875 1174 1924 V.

375 1948 479 1994 372
519 1950 714 1996 roribus
751 1948 1011 1998 Heinsius:
1051 1950 1238 2009 foribus
1276 1949 1336 1996 V.

383 2021 486 2068 382
529 2023 608 2069 sin
647 2022 843 2082 scripsi:
884 2025 928 2070 si
965 2021 1025 2069 V.

380 2094 487 2141 394
528 2095 665 2142 binos
705 2095 901 2156 scripsi:
940 2097 1083 2144 uiuos
1120 2095 1187 2158 V:
1229 2089 1430 2143 ‘biuios'
1469 2094 1720 2143 Heinsius.

377 2167 483 2215 395
525 2169 629 2216 ideo
670 2168 869 2230 scripsi:
909 2171 1028 2218 adeo
1066 2169 1113 2215 V
1154 2169 1258 2217 sine
1297 2184 1460 2217 sensu.

374 2241 480 2288 413
506 2243 733 2290 subduaeit
757 2242 954 2304 scripsi:
978 2245 1182 2291 subtexit
1203 2243 1263 2290 V.
1313 2236 1602 2291 ‘subtraxit'
1627 2242 1920 2305 Meynckius

224 2312 277 2360 ΙΙ
320 2314 444 2362 365.
522 2315 581 2361 cf.
621 2315 888 2363 Petronius
931 2314 1068 2377 [bell.
1116 2317 1208 2364 ciu.
1251 2313 1379 2377 131]
1429 2310 1500 2364 ‘et
1543 2316 1706 2363 lucem
1745 2315 1920 2364 sceleri

228 2381 502 2434 subduxit'.
578 2389 772 2436 frustra
816 2389 958 2435 illud
983 2384 1243 2436 ‘subtexit'
1291 2389 1564 2436 defendunt
1613 2387 1724 2436 coll.
1763 2388 1918 2451 Verg.

224 2457 348 2507 Aen.
388 2459 467 2506 III
508 2461 629 2508 582

373 2534 481 2581 415
523 2548 573 2581 ec
626 2535 824 2597 scripsi:
881 2540 924 2583 et
975 2535 1035 2582 V.
1091 2509 1156 2582 ‘e’
1211 2535 1575 2583 Lachmannus.
1627 2559 1690 2567 —-
1740 2536 1918 2583 imbres

223 2604 487 2655 Heinsius:
525 2609 660 2668 iqnes
697 2607 757 2655 V.

372 2681 479 2729 436
519 2684 663 2730 nectit
699 2682 867 2730 Thilo:
907 2683 1051 2740 flectit
1087 2682 1148 2730 V.

373 2755 480 2802 438
524 2757 736 2803 emm-itm·
773 2759 914 2803 notus
952 2759 995 2803 et
1039 2759 1133 2804 toto
1180 2758 1306 2805 rat-is
1348 2768 1454 2803 wna
1473 2755 1726 2816 profundo
1764 2755 1915 2803 cerni-

224 2829 316 2873 tur.
392 2842 492 2875 non
529 2830 699 2889 potest
735 2829 830 2877 hoc
869 2829 1070 2890 quidem
1107 2830 1215 2877 loco
1253 2828 1470 2890 ineptior
1509 2844 1619 2877 esse
1665 2827 1914 2890 oppositio

221 2898 324 2946 illa.
400 2916 517 2947 narn
555 2917 667 2949 cum
706 2902 847 2964 Argo
886 2902 1049 2963 prima
1086 2903 1240 2950 fuerit
1263 2903 1422 2963 nauis,
1460 2905 1568 2950 toto
1607 2901 1735 2949 mari
1772 2900 1914 2949 illam
