1982 3120
146 137 275 181 XXII
805 138 1150 182 PRAEFATIO

139 261 413 310 defendunt
459 262 581 310 locis
632 263 804 324 qualia
851 266 967 311 sunt
1013 263 1229 325 Vergilii
1275 262 1399 312 Aen.
1448 264 1547 311 VII
1595 265 1685 326 983
1728 265 1833 313 270

139 340 190 385 et
229 335 327 383 XII
369 337 488 384 658.

288 410 393 458 528
438 425 540 471 sqq.
590 411 820 469 adfremit
867 411 943 458 his
989 414 1277 470 quassatque
1323 415 1469 472 caput
1521 413 1603 471 qui
1654 412 1835 460 uellera

137 486 260 533 dono
315 484 588 543 bellipotens
637 485 730 531 sibi
776 485 880 542 fisca
925 484 1058 531 uidet
1101 487 1418 544 temptataque
1462 488 1630 533 contra
1666 485 1837 534 Pallas

138 573 238 619 eqs.
316 572 504 618 magna
548 557 630 604 hic
678 557 812 605 inter
863 557 1035 605 doctos
1091 557 1332 606 dissensio
1381 560 1458 606 est
1501 559 1675 606 utrum
1720 559 1837 607 ante

138 647 201 679 an
246 632 362 692 post
424 624 813 692 ‘temptataque'
874 631 940 678 sit
1000 631 1472 693 interpungendum.
1554 647 1672 679 nam
1725 638 1838 680 cum

136 705 238 752 iam
291 704 451 752 multo
508 719 568 750 ex
615 706 846 766 tempore
885 705 1022 753 Mars
1075 705 1268 752 uellera
1319 705 1416 752 sibi
1467 704 1567 753 fixa.
1609 705 1837 764 uidisset,

136 778 352 826 addatur
415 779 616 839 oportet
680 778 731 824 id
789 778 921 839 quod
974 781 1085 826 tum
1139 779 1209 826 eis
1266 778 1375 826 fieri
1427 778 1572 827 uidit.
1657 778 1746 827 sed
1793 780 1834 827 si

139 851 315 900 scribis
374 846 492 899 ‘sibi
543 851 642 898 fixa
698 852 839 899 uidet
900 854 1268 915 temptataque,
1331 847 1523 900 contra'
1585 852 1837 914 particula

137 919 271 988 eque'
297 926 445 986 plane
471 925 714 973 abundat.
763 942 923 988 neque
947 926 999 973 id
1025 926 1178 974 simili
1194 926 1389 973 Valerii
1411 927 1520 975 loco
1553 925 1837 974 defenditur

134 1000 253 1047 ullo.
338 999 515 1060 quouis
587 1000 802 1061 pignore
874 999 1214 1047 contenderim
1283 1016 1314 1047 a
1366 1000 1570 1048 Valerio
1634 1000 1834 1049 uenisse

138 1068 254 1121 esibi
299 1072 398 1119 fixa
444 1072 586 1120 uidet
625 1075 844 1135 tempta,
885 1075 1095 1135 actaque
1136 1068 1345 1121 contra'.
1422 1073 1484 1121 de
1522 1087 1644 1122 uoce
1685 1067 1836 1121 ‘aeta’

135 1147 195 1194 cf.
236 1162 308 1194 ex.
349 1162 426 1208 gr.
466 1147 609 1194 Maro
654 1144 802 1207 [Aen.
842 1147 887 1193 X
930 1144 1021 1207 63]
1064 1149 1114 1194 et
1155 1147 1265 1194 Val.
1305 1146 1356 1194 H
1398 1148 1518 1195 247.

284 1220 390 1268 535
433 1235 541 1268 ctum
579 1220 721 1268 Pius:
763 1235 850 1268 cur
888 1220 948 1267 V.

284 1294 390 1342 549
431 1296 535 1342 iam
571 1293 779 1341 Aldina:
819 1309 937 1342 nam
975 1295 1035 1342 V.

285 1369 388 1415 551
432 1369 615 1416 damna
645 1367 852 1416 Aldina:
893 1369 1022 1416 dona
1062 1367 1120 1414 V.
1158 1368 1290 1430 quod
1329 1368 1414 1430 qui
1453 1366 1718 1431 εἰρωνικῶς
1749 1361 1836 1434 (cf.

134 1443 287 1503 Verg.
325 1440 452 1489 Aen.
500 1441 545 1488 X
594 1434 727 1507 881)
776 1442 966 1490 dictum
1014 1444 1216 1504 putant,
1262 1442 1542 1504 neglegunt
1586 1444 1704 1504 post
1746 1442 1837 1490 ina

137 1510 375 1579 ‘gemitus
414 1516 616 1577 irasque
656 1510 825 1577 pares'
865 1516 917 1562 id
955 1516 1093 1563 nullo
1131 1515 1279 1563 modo
1318 1515 1428 1563 fieri
1465 1531 1628 1577 posse.

255 1590 387 1637 ⁷552
430 1589 603 1636 malim
645 1583 787 1651 ‘quot
827 1589 891 1637 ad
932 1589 1135 1637 Troiam
1183 1591 1375 1638 stantes
1422 1589 1635 1638 hiberna.
1671 1589 1836 1652 Myce-

134 1657 267 1725 nas’,
309 1665 443 1711 certe
481 1662 729 1711 traditum
769 1657 984 1711 ‘flentes'
1026 1663 1295 1711 admodum
1332 1663 1518 1710 mirum
1557 1665 1648 1711 est.

283 1737 390 1784 554
430 1741 484 1784 ut
522 1736 783 1784 Heinsius:
825 1740 868 1784 et
904 1736 963 1783 V.

283 1811 390 1858 563
438 1811 629 1858 intacta
676 1810 859 1872 reliqui
908 1826 1035 1872 quae
1081 1811 1274 1858 tradita
1313 1811 1430 1858 sunt
1479 1805 1576 1857 ‘me
1616 1810 1838 1871 primum

133 1884 276 1946 regia
323 1884 508 1931 mundo
556 1910 627 1917 —-
677 1879 951 1946 imposuit'.
1036 1900 1154 1931 nam
1198 1899 1360 1946 neque
1411 1899 1538 1946 quae
1588 1883 1676 1931 alii
1723 1898 1834 1932 con-

133 1959 357 2006 iecerunt
396 1973 556 2019 neque
583 1958 717 2019 quod
755 1959 863 2019 ipse
904 1958 1023 2005 olim
1053 1958 1307 2020 proposui,
1347 1957 1411 2005 ad
1435 1956 1838 2018 persuadendum

137 2034 255 2080 sunt
295 2034 429 2093 apta.
493 2043 497 2046 ’

284 2106 390 2153 537
432 2105 606 2152 malim
646 2099 897 2153 ‘emensus
935 2099 1134 2153 terras’.

284 2179 385 2227 581
430 2179 623 2227 totidem
667 2178 874 2226 Aldina:
922 2180 1088 2226 totiens
1127 2178 1186 2226 V.
1226 2179 1496 2239 postquam
1544 2177 1597 2224 in
1635 2171 1832 2225 ‘totid-6⁹

135 2253 334 2315 syllaba
383 2253 560 2300 ultima
607 2255 724 2300 ante
773 2246 1030 2300 ‘demissa'
1084 2251 1363 2312 intercidit,
1418 2251 1655 2299 mutilum
1706 2249 1833 2297 illud

137 2320 272 2374 ‘toti'
312 2341 482 2374 crassa
517 2326 748 2374 Minerua
786 2326 1123 2373 correxerunt.

286 2400 391 2447 582
443 2414 514 2461 sq.
562 2414 648 2447 nec
694 2399 913 2458 scopulos
958 2402 1045 2446 aut
1090 2401 1236 2446 amtra
1281 2399 1442 2445 minor
1490 2398 1629 2445 iuxta
1676 2397 1834 2445 altera

132 2475 272 2521 tellus
313 2475 552 2530 cernimu-
590 2474 730 2521 illam
766 2470 987 2520 Acamas
1031 2473 1218 2520 habitat
1252 2472 1504 2530 nudusque
1540 2469 1836 2531 Pyr-aymon-

134 2548 327 2594 nullam
363 2546 521 2594 fuisse
570 2547 783 2593 alteram
839 2546 893 2592 in
936 2545 1121 2592 uicinia
1165 2546 1356 2592 terram
1400 2543 1665 2605 minorem,
1713 2543 1833 2605 quid

135 2623 367 2668 nostrum
411 2620 625 2668 interest
675 2618 835 2667 scire?
884 2621 1202 2680 expectamus
1255 2618 1361 2665 fere
1408 2633 1439 2665 a
1487 2616 1694 2665 Valerio
1750 2632 1828 2664 ex-

135 2694 378 2755 positum,
435 2709 537 2742 non
583 2709 738 2755 aeque
786 2693 1119 2754 periculosam
1165 2692 1323 2739 fuisse
1371 2691 1584 2739 alteram
1627 2692 1833 2738 terram.

134 2767 248 2828 lege
299 2762 484 2814 eminax
528 2762 712 2828 iuxta'3
770 2766 829 2814 cf.
883 2766 1025 2813 Maro
1084 2763 1229 2826 [Aen.
1276 2765 1302 2812 I
1353 2762 1480 2825 162]
1523 2758 1828 2826 ‘geminique

135 2840 390 2888 minantur
435 2842 488 2887 in
535 2842 730 2888 caelum
771 2834 996 2902 scopuli'.
1075 2838 1162 2887 sed
1201 2838 1262 2885 de
1303 2839 1623 2900 scopulorum
1658 2837 1831 2884 imma-

136 2913 296 2962 nitate
334 2915 436 2962 iam
475 2913 600 2961 dixit
638 2916 790 2976 poeta
835 2931 918 2961 uu.
958 2913 1294 2975 573——5813‘
1320 2914 1483 2961 restat
1518 2913 1577 2959 ut
1615 2925 1833 2974 quonam
