1982 3120
233 142 317 186 XII
897 141 1258 187 PRAEFATIO.

232 268 366 315 enim
413 267 600 315 suerint
649 267 733 330 qui
772 264 1238 330 interpolationibus
1276 266 1606 329 Argonautica
1652 265 1926 316 deformata
1975 321 1978 323 ‚

234 355 346 389 esse
388 347 650 405 negarent,
690 339 810 387 mihi
850 346 1014 388 tamen
1063 338 1122 386 de
1161 338 1253 387 hac
1292 355 1346 388 re
1386 339 1529 404 plane
1571 345 1777 389 constat.
1855 342 1925 388 sic

232 430 306 463 ex.
360 429 430 478 gr.
486 428 585 462 non
646 418 811 477 potest
871 427 970 461 non
1024 412 1203 460 referri
1264 412 1322 461 ad
1386 415 1616 462 criticum
1677 414 1923 478 quendam

179 509 182 513 ·
233 488 363 551 quod
416 494 530 552 post
594 486 748 535 uerba
810 493 1043 550 corrupta
1108 500 1378 549 mancaque
1443 485 1552 549 [VII
1613 484 1746 550 201]
1811 483 1924 536 ‘hoc

234 563 353 609 satis
416 563 522 625 ipse
587 561 733 608 etiam
788 566 1013 623 spectare
1070 554 1350 623 supremos'
1405 559 1485 608 hic
1540 562 1591 608 in
1646 559 1684 606 V
1745 560 1927 626 legitur

230 650 408 683 uersus
456 630 521 682 eei
566 633 686 681 mihi
734 647 941 682 necasus
987 635 1134 681 etiam
1181 639 1404 698 spectare
1445 630 1740 698 supremos'.
1818 635 1926 683 aliis

232 723 428 772 quoque
476 707 597 755 locis
651 713 751 755 tam
806 712 973 771 aperta
1021 713 1096 755 est
1157 722 1238 755 res
1299 713 1356 756 ut
1412 722 1584 773 nemo,
1639 709 1735 756 nisi
1795 708 1926 757 forte

230 796 422 846 caecuS,
463 796 560 829 non
602 786 847 844 agnoscat.
902 782 1095 847 itaque,
1135 788 1190 828 ut
1230 795 1601 845 nonnumquam
1639 796 1666 830 a
1705 779 1928 846 diligenti

232 870 405 904 eorum
471 854 651 918 quibus
720 853 758 900 V
827 855 1035 921 maxime
1114 853 1304 902 laborat
1380 855 1619 904 uitiorum
1692 854 1924 905 obserua-

230 931 388 993 tione,
444 929 510 977 ita
573 929 781 976 maxime
838 943 862 975 a
917 927 1115 976 domina
1169 927 1249 976 illa
1308 934 1454 992 atque
1510 929 1680 992 regina
1732 930 1925 978 ratione

231 1009 280 1050 et
342 1001 401 1050 ab
465 1008 693 1050 accurata
765 1003 1008 1050 sermonis
1072 1003 1253 1066 poetici
1309 1003 1484 1050 notitia
1548 1003 1781 1051 carminis
1836 1001 1930 1050 V·a-*

229 1076 405 1124 leriani
466 1075 701 1140 progredi
763 1074 910 1123 debet
974 1075 1263 1124 emendatio.
1366 1075 1451 1124 sed
1513 1075 1604 1124 hac
1665 1077 1718 1124 in
1785 1083 1926 1141 parte

229 1155 341 1213 post
406 1149 665 1198 Heinsium
728 1164 903 1212 parum
964 1151 1335 1213 praestiterunt.
1439 1163 1552 1197 nam
1615 1149 1779 1215 Thilo,
1841 1151 1928 1214 qui

231 1238 357 1271 anno
421 1223 467 1271 h.
538 1238 575 1271 s.
639 1221 792 1273 LXIII
850 1221 1097 1271 Valerium
1154 1222 1327 1288 edidit,
1400 1238 1458 1271 eo
1531 1222 1732 1286 quidem
1793 1223 1926 1288 quod

230 1298 421 1360 primus
490 1295 604 1344 libri
673 1295 894 1344 Vaticani
970 1298 1242 1360 scripturas
1313 1311 1485 1345 omnes
1555 1297 1927 1346 accuratissime

232 1370 486 1419 adnotauit
525 1369 652 1418 bene
693 1369 752 1417 de
793 1375 937 1434 poeta
976 1377 1148 1418 nostro
1189 1372 1394 1437 meruit,
1435 1369 1521 1419 sed
1562 1370 1621 1418 de
1661 1370 1738 1419 his
1778 1373 1923 1420 meri-

233 1446 298 1493 tis
336 1443 549 1493 inultum
573 1443 786 1492 detraxit
808 1445 930 1509 ipse,
970 1459 1084 1492 cum
1123 1442 1438 1492 librariorum
1471 1445 1588 1492 uitia
1615 1445 1927 1509 apertissima

230 1517 371 1582 plane
413 1517 651 1581 neglectis
699 1519 770 1566 eis
817 1533 941 1581 quae
990 1518 1202 1566 latinitas
1252 1533 1476 1582 quaeque
1526 1519 1650 1566 ratio
1696 1526 1928 1582 posceret

199 1583 538 1640 'atrocissime
588 1592 639 1638 in
687 1591 1051 1655 prolegomenis
1099 1590 1390 1640 defenderet
1443 1591 1770 1656 plurimisque
1818 1591 1925 1641 uul—

231 1665 435 1713 neribus
475 1664 774 1713 foedissimis
815 1665 1144 1728 Argonautica
1182 1665 1489 1729 relinqueret
1529 1665 1727 1714 hiantia.

379 1738 602 1787 Thilonis
666 1753 867 1802 operam
922 1741 1007 1803 qui
1062 1755 1121 1787 ex
1177 1745 1316 1803 parte
1373 1741 1683 1803 corrigerent
1745 1738 1926 1788 deinde

231 1814 524 1878 extiterunt3
565 1828 678 1860 nam
716 1813 958 1876 patefacta
983 1815 1079 1861 iam
1118 1812 1360 1861 librorum
1385 1815 1621 1861 memoria
1646 1813 1929 1878 complures

230 1886 287 1934 ad
338 1885 699 1935 emendandum
739 1901 938 1935 carmen
980 1886 1265 1935 adtulerunt
1322 1885 1554 1950 symbola.
1632 1901 1845 1950 quorum
1896 1902 1922 1935 e

232 1975 439 2008 numero
496 1966 608 2008 ante
673 1952 848 2008 omnes
911 1975 1024 2009 cum
1078 1960 1266 2008 honore
1331 1959 1748 2009 commemorandi
1809 1967 1927 2009 sunt

234 2033 485 2082 Gustauus
532 2032 842 2100 MeynckiuS,
892 2036 979 2098 qui
1026 2041 1075 2082 et
1131 2035 1182 2081 in
1232 2033 1606 2097 quaestionibus
1652 2032 1923 2082 Valerianis

232 2106 431 2155 Bonnae
474 2123 513 2155 a.
558 2104 700 2156 1865
741 2108 886 2155 editis
929 2106 994 2170 [I]
1037 2114 1086 2156 et
1123 2109 1174 2155 in
1215 2107 1560 2156 dissertatione
1599 2107 1758 2156 Musei
1795 2107 1925 2156 Rhe-

236 2182 351 2229 nani
407 2180 504 2229 uol.
564 2179 699 2228 XXII
753 2175 940 2230 inserta
997 2180 1086 2243 [II]
1143 2187 1419 2230 commenta
1475 2183 1670 2245 egregia
1716 2181 1931 2245 protulit

231 2253 362 2302 haud
401 2270 572 2320 pauca,
613 2262 662 2303 et
700 2255 957 2319 Philippus
996 2254 1289 2320 Wagnerus,
1330 2257 1413 2319 qui
1453 2263 1509 2304 ut
1549 2261 1660 2303 ante
1699 2253 1925 2303 Thilonis

232 2327 501 2376 editionem
548 2330 599 2376 in
639 2328 879 2392 Philologi
926 2328 1022 2376 uol.
1070 2328 1158 2375 XX
1200 2327 1266 2390 [1]
1314 2331 1382 2377 ita
1435 2331 1487 2376 in
1534 2343 1745 2377 censura
1790 2327 1927 2376 illius

230 2400 490 2462 [Fleckeis.
533 2402 690 2450 annal.
736 2399 900 2467 18643
940 2401 1024 2467 11]‚
1065 2403 1158 2450 etsi
1197 2401 1448 2451 interdum
1496 2403 1645 2450 nimia
1684 2401 1921 2450 uiolentia

228 2488 334 2523 rem
386 2477 506 2541 egit,
555 2475 795 2539 quaedam
841 2482 1005 2524 tamen
1054 2477 1174 2524 uitia
1232 2478 1415 2540 optime
1465 2475 1679 2524 sustulit.
1757 2490 1920 2538 neque

226 2547 472 2612 Hauptius
530 2548 604 2611 [in
656 2548 866 2598 Hermae
922 2549 1018 2598 uol.
1074 2549 1154 2597 111.
1210 2549 1284 2598 IV.
1341 2548 1470 2612 VIII]
1538 2556 1587 2598 et
1640 2548 1917 2612 Maduigius

229 2621 458 2683 [AduerS.
500 2621 566 2684 II]
608 2623 852 2671 inutiliter
891 2623 950 2671 de
991 2622 1183 2671 Valerio
1232 2623 1625 2687 disputauerunt.
1703 2621 1918 2685 denique

227 2709 315 2744 sua
353 2695 496 2744 laude
529 2711 628 2744 non
668 2696 970 2745 fraudandus
994 2695 1335 2745 Loehbachius
1363 2695 1435 2758 [in
1461 2695 1654 2744 duobus
1679 2695 1920 2760 gymnasii

225 2770 617 2818 Antennacensis
663 2769 1078 2834 programmatis}
1141 2771 1361 2818 omnium
1406 2784 1529 2818 uero
1562 2769 1916 2833 infelicissime,

227 2848 280 2890 ut
305 2845 504 2890 omnino
544 2844 594 2890 in
619 2845 779 2907 poetis
818 2842 995 2909 latiniS,
1034 2845 1100 2891 ita
1139 2845 1190 2891 in
1216 2843 1558 2906 Argonauticis
1599 2842 1915 2908 emendandis

224 2922 455 2965 uersatus
496 2923 571 2964 est
613 2916 660 2964 C.
704 2915 1050 2982 Schenkelius,
1100 2918 1183 2980 qui
1232 2931 1357 2980 quae
1398 2918 1449 2965 in
1490 2917 1705 2966 editione
1753 2930 1840 2964 sua
1888 2929 1915 2962 e
