1982 3120
793 145 878 189 'AD
907 143 1020 189 LIB.
1051 143 1151 188 VII.
1740 142 1821 187 LV

124 287 287 335 nuper
339 271 617 333 repositum
677 272 756 319 est
810 263 1069 332 ‘natique'.
1159 268 1234 316 ita
1287 267 1420 315 enim
1473 267 1596 315 haec
1649 267 1821 315 euadit

127 345 390 406 sententia,
430 345 574 407 quasi
595 347 747 392 'certe
787 343 992 396 sciuerit
1028 340 1208 390 Medea
1230 356 1341 390 esse
1365 339 1534 389 Iasoni
1556 340 1820 388 mulierem

123 420 423 481 liberosque.
530 417 618 466 sed
691 417 910 479 primurn
986 430 1155 465 omnes
1230 415 1386 462 habet
1445 413 1819 476 probabilitatis

123 508 382 555 numeros,
435 491 689 554 uirginem
741 491 803 538 de
856 491 956 538 uiri
1008 488 1163 538 amati
1217 487 1468 537 caelibatu
1527 487 1820 536 iamdudum

125 566 390 615 certiorem
444 581 554 614 esse
605 565 794 614 factam
854 579 1038 626 neque,
1098 563 1198 611 nisi
1260 577 1348 624 spe
1410 577 1524 609 eum
1584 560 1822 623 captandi

125 640 350 701 ductam,
389 655 538 700 opem
575 638 622 686 ei
658 637 816 686 fuisse
852 637 1086 685 laturam.
1162 637 1334 698 itaque
1372 651 1474 683 non
1518 635 1684 698 potuit
1730 634 1823 682 illa

123 714 232 762 loco
277 714 452 761 nostro
492 711 655 760 dicere
692 711 790 759 nisi
825 710 932 758 fere
970 710 1084 758 hoc:
1123 712 1181 757 tu
1220 708 1355 757 domi
1399 725 1605 757 uxorem
1656 709 1823 756 duces.

124 786 305 849 quibus
351 784 521 834 uerbis
576 785 851 846 prudenter
899 783 963 831 ad
1017 798 1097 845 ea,
1153 782 1214 830 de
1261 782 1443 844 quibus
1499 783 1585 844 agi
1637 782 1817 843 uoluit⁷

122 859 261 907 flexit
313 859 607 907 orationem.
699 858 871 919 itaque
925 856 1163 918 rescripsi
1217 857 1396 918 aperta
1448 856 1688 903 ueritate:
1745 850 1815 902 ‘te

123 933 336 981 coniunx
371 931 650 993 taedaeque
687 925 927 979 manent'.
1005 933 1058 978 et
1096 929 1279 978 similia
1324 929 1482 977 uerba
1522 929 1817 990 saepissime

122 1006 359 1068 coniungi
395 1021 427 1053 a
464 1005 628 1066 poetis
665 1005 1006 1066 notissimum3
1047 1004 1107 1052 cf.
1147 1019 1219 1051 ex.
1261 1018 1336 1066 gr.
1378 1003 1532 1065 Verg.
1571 1003 1696 1050 Aen.
1743 1002 1816 1048 IV

126 1082 192 1128 18
235 1075 466 1128 ‘thalami
501 1072 815 1141 taedaeque'.

272 1169 378 1215 496
412 1169 666 1228 procurrit
707 1166 967 1215 Heinsius:
1019 1167 1297 1226 procumbit
1347 1166 1416 1228 V3
1473 1165 1532 1213 cf.
1587 1165 1638 1212 II
1695 1165 1816 1213 637.

122 1244 173 1288 et
213 1241 412 1303 saepius
451 1256 598 1289 uoces
637 1241 755 1288 illae
792 1241 847 1288 in
885 1239 1023 1288 codd.
1063 1239 1312 1287 confusae.

272 1329 375 1378 501
417 1331 560 1378 merit
615 1331 660 1378 si
695 1330 848 1378 noctis
885 1343 996 1376 susm
1034 1327 1232 1389 scripsi:
1271 1330 1456 1377 meritis
1491 1329 1643 1377 noctis
1681 1327 1741 1375 V.

271 1418 376 1467 503
416 1412 649 1478 umquam
687 1417 884 1479 scripsi:
925 1420 1027 1465 tum
1064 1416 1126 1465 V.

272 1506 564 1554 506—508
617 1507 819 1565 flamma
872 1508 1073 1564 tuaeque
1134 1508 1263 1553 artes
1272 1521 1291 1562 ,·
1345 1505 1509 1552 nullus
1561 1518 1822 1566 sucurrere

121 1583 286 1630 contra
330 1581 522 1639 inqrato
568 1581 711 1639 queat
771 1582 816 1626 et
869 1579 1030 1637 siquid
1095 1581 1148 1626 bu
1201 1579 1421 1640 saeuiuS,
1475 1580 1582 1626 istis
1629 1579 1823 1627 adicias·

118 1666 269 1712 neque
305 1654 360 1701 irc
396 1652 552 1700 medio
590 1656 772 1702 terrore
808 1653 1071 1711 remquas.
1110 1652 1184 1700 ita
1220 1651 1328 1699 fere
1350 1651 1412 1698 V.
1452 1666 1579 1713 quae
1605 1654 1815 1713 cogente

120 1725 369 1774 sententia
405 1724 697 1788 transposui
736 1720 787 1773 et
825 1724 1109 1786 emendaui,
1149 1725 1378 1787 quamuis
1418 1725 1635 1773 fortasse
1674 1740 1815 1786 prae-

124 1802 225 1847 stet
264 1793 395 1847 ‘tum
432 1798 598 1861 siquid
637 1793 873 1848 saeuius'.

270 1888 377 1935 514
415 1901 547 1935 nwnc
583 1887 724 1935 deicit
760 1902 788 1933 e
826 1884 872 1932 V
911 1886 1134 1948 restitui3
1174 1887 1235 1933 cf.
1274 1885 1330 1932 L.
1370 1886 1643 1934 Muellerus
1692 1887 1737 1934 d.
1777 1902 1817 1933 r.

119 1976 183 2007 m.
224 1961 347 2010 271.

270 2034 374 2082 515
417 2034 781 2094 at-comocllat
819 2033 1017 2095 scripsi:
1058 2036 1426 2081 etc-conterret
1462 2033 1524 2082 V.

273 2108 381 2155 520
421 2109 636 2155 tcmtcmti
675 2106 873 2167 scripsi:
913 2121 1052 2166 quem
1090 2110 1227 2155 tamea
1264 2106 1325 2152 V.

271 2181 378 2227 528
416 2193 605 2228 uacuas
642 2179 844 2240 scripsi:
882 2193 1041 2227 uacuo
1079 2179 1140 2225 V.

272 2254 375 2300 531
421 2253 542 2302 abiit
580 2252 778 2314 scripsi:
819 2252 966 2301 trahit
1003 2252 1064 2300 V.

269 2327 374 2375 533
415 2326 587 2374 malim
626 2321 886 2373 ‘tradende
925 2319 1162 2387 periclis'.

270 2401 376 2447 534
416 2414 444 2447 0
484 2399 682 2462 scripsi:
720 2402 776 2447 ut
811 2398 872 2445 V.

268 2474 372 2521 536
413 2474 600 2522 ealowre
646 2473 902 2522 uobwrm‘ma
939 2473 1234 2536 Meynckius
1282 2473 1331 2520 II
1373 2475 1504 2521 374:
1553 2475 1814 2537 calcantem

118 2547 306 2594 lwrm'na
342 2546 402 2592 V.

271 2619 376 2667 537
418 2622 497 2668 cui
536 2619 734 2682 scripsi:
771 2621 859 2668 uix
896 2611 957 2667 V.
1029 2675 1031 2677 ,

268 2693 372 2740 543
411 2697 539 2742 meat
574 2693 636 2742 A.
674 2693 985 2756 Wagnerus:
1024 2698 1201 2754 quaeat
1238 2694 1297 2740 V.

266 2766 371 2813 546
412 2780 471 2813 en
506 2781 652 2815 uocor
681 2766 755 2814 M:
806 2770 849 2815 et
884 2781 1031 2815 uocor
1068 2767 1129 2815 V.
1169 2794 1241 2799 —-
1282 2768 1393 2815 alas
1431 2767 1559 2815 Phil.
1598 2767 1817 2830 Wagne-

116 2854 226 2887 rus:
268 2853 394 2886 ausa
432 2838 492 2886 V.

268 2913 372 2960 547
413 2914 468 2959 in
504 2913 740 2970 flammas
779 2930 806 2962 6
844 2913 891 2961 V
930 2914 1147 2963 restitui.
