1982 3120
161 117 403 162 XXXVIII
837 116 1181 162 PRAEFATIO

235 243 309 290 IV
352 245 416 291 19
450 256 679 302 premeres
718 242 915 303 scripsi:
954 243 1114 301 ferens
1151 243 1212 290 V.

350 318 418 364 24
459 317 716 377 frondibus
755 318 808 364 in
846 317 1021 363 croceis
1059 321 1102 363 et
1137 318 1334 377 iniqu-ae
1371 331 1570 365 manere
1605 318 1858 378 nymphae.

163 391 284 454 quid
331 385 420 438 ‘et'
467 390 549 437 hic
597 389 694 438 sibi
743 389 868 437 uelit
914 391 1079 436 mente
1126 405 1225 437 non
1279 405 1540 453 assequor,
1581 405 1694 438 cum
1730 391 1858 439 illud

165 458 409 512 ‘munere’
450 480 540 526 per
573 463 939 525 appositionem
979 462 1043 509 ad
1082 457 1263 510 ‘frond.
1301 463 1355 510 in
1377 458 1583 512 croceis'
1625 465 1858 512 accedere

164 538 359 586 debeat.
437 538 551 584 dedi
600 532 850 583 ‘inimicae
889 530 1129 583 munere'.
1191 552 1309 583 nam
1349 552 1461 584 cum
1501 532 1770 586 ‘inimicae'
1809 539 1860 586 in

163 606 402 674 ‘iniquae'
457 611 792 672 deprauatum
854 612 1008 671 esset,
1070 613 1352 658 necessario
1410 605 1499 658 ‘et'
1554 611 1859 661 inserebant.

161 686 221 734 cf.
261 685 311 732 II
351 686 458 732 224
500 679 721 732 ‘inimica
759 678 909 730 diua'.

352 760 419 807 26
471 758 586 807 haee
640 759 773 821 sedes
831 757 1028 818 scripsi:
1083 758 1198 805 haee
1246 759 1365 817 fatis
1418 758 1478 805 V.
1556 752 1673 806 ‘heu
1718 754 1858 807 fatis'

161 833 455 882 Doruillius.

349 909 418 955 28
453 923 524 968 sq.
542 911 586 954 et
616 909 717 954 iam
740 906 858 953 mihi
882 906 1068 953 lumina
1093 906 1212 953 caeli
1229 906 1449 953 conciliat
1472 907 1717 966 &emitque
1734 909 1861 954 toros

162 986 205 1030 et
241 983 390 1042 fontis
425 981 639 1029 honores,
722 979 848 1026 illud
885 972 1112 1026 ‘lumina'
1153 979 1258 1026 siue
1299 973 1492 1026 ‘limina
1530 973 1674 1027 caeli'
1712 980 1860 1041 plane

161 1056 295 1103 idem
331 1055 472 1102 ualet:
511 1056 662 1116 atque
700 1053 752 1100 id
793 1052 924 1114 quod
962 1052 1217 1114 praecedit
1242 1047 1314 1100 ‘in
1351 1067 1491 1101 arces
1522 1052 1660 1102 Iouis
1699 1067 1860 1102 acces-

163 1123 284 1177 sus’.
361 1129 476 1192 lege
518 1123 744 1175 ‘numina
791 1121 959 1189 caeli'3
1006 1141 1123 1173 nam
1171 1142 1435 1188 expressus
1483 1128 1562 1174 est
1599 1126 1859 1189 Vergilius

145 1201 310 1275 ·[Aen.
358 1203 383 1250 I
426 1200 516 1264 78]
578 1197 653 1250 ‘tu
701 1203 900 1264 sceptra
946 1200 1215 1262 Iouemque
1263 1194 1534 1248 concilias'.
1576 1227 1644 1232 —
1685 1199 1861 1248 deinde

163 1271 363 1325 ‘frontis
403 1270 638 1324 honores'
679 1275 903 1337 reposui3
953 1289 1255 1336 quamquam
1294 1290 1407 1321 cum
1446 1267 1625 1322 ‘toros'
1663 1289 1762 1322 uox
1809 1274 1862 1321 in

162 1351 208 1396 V
249 1351 396 1412 desit,
434 1366 535 1398 non
580 1351 711 1398 male
753 1349 1047 1411 Meynckius
1099 1347 1146 1410 [I
1184 1365 1230 1410 p.
1273 1345 1366 1409 40]
1417 1347 1626 1396 coniecit
1673 1341 1859 1410 ‘iungit

164 1425 323 1473 socios
364 1428 415 1473 et
451 1425 607 1474 fontis
646 1418 911 1485 honores’,
951 1423 1061 1471 coll.
1104 1421 1248 1470 Ouid.
1286 1424 1404 1470 met.
1443 1421 1568 1468 XIII
1610 1422 1730 1470 949.

350 1501 420 1547 48
460 1501 592 1548 ‘aicta
631 1498 894 1546 Heinsius:
936 1499 1031 1546 icta
1069 1496 1130 1544 V.

351 1574 417 1621 65
459 1574 613 1633 fontes
650 1572 913 1620 Nodellius
955 1565 1039 1636 (cf.
1079 1587 1126 1618 u,
1170 1572 1231 1619 71
1234 1571 1284 1630 ):
1323 1574 1504 1619 montes
1534 1569 1593 1618 V.

350 1649 418 1696 98
459 1651 512 1695 at
550 1647 751 1709 scripsi:
793 1650 836 1694 et
872 1645 932 1693 V.

315 1723 416 1769 121
465 1723 671 1782 perdere
727 1720 924 1781 scripsi:
977 1733 1182 1780 pergere
1235 1717 1294 1781 V,
1351 1718 1482 1780 quod
1536 1718 1658 1766 locis
1712 1718 1859 1779 plane

164 1795 340 1844 alienis
380 1795 666 1843 defendunt.

316 1870 418 1918 125
459 1871 592 1918 ultra
632 1869 762 1917 edd:
802 1869 932 1917 ultro
970 1868 1029 1915 V.

317 1945 421 1992 130
460 1947 678 2004 spretare
717 1943 915 2004 scripsi:
946 1956 1116 2003 preme
1154 1943 1274 1990 dure
1311 1941 1370 1988 V.

317 2019 420 2066 138
452 2020 655 2080 patriae
692 2018 745 2063 M
783 2033 848 2063 m.
890 2031 1006 2064 sec.:
1038 2017 1204 2075 patris
1242 2015 1301 2062 V.

316 2093 422 2139 140
461 2093 507 2139 is
546 2091 744 2152 scripsi:
786 2105 834 2138 es
876 2089 930 2137 V.

316 2166 419 2213 153
461 2168 649 2213 tantum
687 2164 1028 2212 Burmannus:
1069 2164 1261 2211 tandem
1300 2163 1359 2210 V.

316 2240 418 2287 159
461 2239 633 2286 malim
674 2233 925 2286 ‘externas
962 2238 1070 2286 fato
1110 2237 1306 2285 delatus
1347 2237 1412 2284 ad
1450 2230 1600 2284 oras'.

317 2315 418 2361 161
460 2327 728 2373 nauemqae
767 2312 967 2374 scripsi:
1007 2325 1270 2371 nomenque
1309 2311 1369 2358 V.

317 2388 422 2434 170
461 2388 653 2445 quando
693 2385 1022 2433 Schraderus:
1062 2385 1242 2444 frando
1281 2384 1340 2429 V.

318 2460 419 2509 175
456 2461 637 2508 durent
672 2461 716 2507 si
758 2459 961 2520 scripsi:
1002 2459 1131 2506 dura
1168 2459 1238 2506 sie
1276 2457 1336 2504 V.

317 2535 419 2582 179
462 2535 538 2582 die
560 2526 964 2594 Peerlkampius:
1005 2533 1145 2580 deam
1175 2531 1235 2578 V.

316 2608 422 2655 180
459 2608 770 2667 fremibunda
811 2606 1068 2654 Heinsius:
1107 2605 1395 2654 remibunda
1433 2604 1492 2649 V.

317 2682 418 2729 181
461 2681 538 2730 hic
575 2681 782 2730 Aldina:
820 2682 931 2728 hinc
967 2681 1028 2727 V.

316 2757 415 2802 201
462 2757 595 2803 taciti
634 2771 692 2802 ex
731 2755 779 2801 V
818 2754 1034 2802 restitui.

316 2830 419 2876 213
469 2831 585 2877 ante
635 2831 741 2877 209
798 2828 968 2890 posuit
1019 2826 1362 2875 Schenkelius.
1417 2851 1490 2858 —
1545 2839 1603 2873 en
1647 2823 1854 2873 inserui:

164 2917 259 2952 om.
299 2901 368 2964 V;
409 2902 468 2950 cf.
506 2902 558 2949 II
599 2903 719 2951 336.
