<?xml version="1.0" encoding="UTF-8"?>
<!DOCTYPE html PUBLIC "-//W3C//DTD XHTML 1.0 Transitional//EN"
    "http://www.w3.org/TR/xhtml1/DTD/xhtml1-transitional.dtd">
<html xmlns="http://www.w3.org/1999/xhtml" xml:lang="en" lang="en">
 <head>
  <title>
</title>
<meta http-equiv="Content-Type" content="text/html;charset=utf-8" />
  <meta name='ocr-system' content='tesseract 3.04.00' />
  <meta name='ocr-capabilities' content='ocr_page ocr_carea ocr_par ocr_line ocrx_word'/>
</head>
<body>
  <div class='ocr_page' id='page_1' title='image "argonauticteub00valeuoft_0013.png"; bbox 0 0 1982 3120; ppageno 0'>
   <div class='ocr_carea' id='block_1_1' title="bbox 12 66 1802 285">
    <p class='ocr_par' dir='ltr' id='par_1_1' title="bbox 12 66 1802 285">
     <span class='ocr_line' id='line_1_1' title="bbox 774 66 1799 170; baseline -0.017 -27.119"><span class='ocrx_word' id='word_1_1' title='bbox 774 95 1134 141; x_wconf 80' lang='lat' dir='ltr'>PRAEFATIO.</span> <span class='ocrx_word' id='word_1_2' title='bbox 1274 164 1280 170; x_wconf 83' lang='lat'>.</span> <span class='ocrx_word' id='word_1_3' title='bbox 1459 126 1462 127; x_wconf 11' lang='grc' dir='ltr'><em>γ</em></span> <span class='ocrx_word' id='word_1_4' title='bbox 1734 66 1799 136; x_wconf 68' lang='lat' dir='ltr'>IX</span> 
     </span>
     <span class='ocr_line' id='line_1_2' title="bbox 12 182 1802 285; baseline -0.005 -13"><span class='ocrx_word' id='word_1_5' title='bbox 12 182 37 232; x_wconf 30' lang='lat'>⁵5</span> <span class='ocrx_word' id='word_1_6' title='bbox 108 221 325 285; x_wconf 87' lang='lat' dir='ltr'>[Anthol.</span> <span class='ocrx_word' id='word_1_7' title='bbox 365 220 445 270; x_wconf 81' lang='lat' dir='ltr'>lat.</span> <span class='ocrx_word' id='word_1_8' title='bbox 485 220 540 270; x_wconf 82' lang='lat' dir='ltr'>R.</span> <span class='ocrx_word' id='word_1_9' title='bbox 579 220 602 269; x_wconf 95' lang='lat' dir='ltr'>I</span> <span class='ocrx_word' id='word_1_10' title='bbox 640 235 686 285; x_wconf 88' lang='lat' dir='ltr'>p.</span> <span class='ocrx_word' id='word_1_11' title='bbox 725 217 836 281; x_wconf 84' lang='grc'><strong>48].</strong></span> <span class='ocrx_word' id='word_1_12' title='bbox 879 246 948 253; x_wconf 84' lang='lat'>———</span> <span class='ocrx_word' id='word_1_13' title='bbox 990 218 1077 267; x_wconf 86' lang='lat' dir='ltr'>sed</span> <span class='ocrx_word' id='word_1_14' title='bbox 1117 217 1175 266; x_wconf 81' lang='lat' dir='ltr'>a‘d</span> <span class='ocrx_word' id='word_1_15' title='bbox 1202 216 1449 265; x_wconf 85' lang='lat' dir='ltr'>Valerium</span> <span class='ocrx_word' id='word_1_16' title='bbox 1490 223 1545 266; x_wconf 91' lang='lat' dir='ltr'>ut</span> <span class='ocrx_word' id='word_1_17' title='bbox 1587 215 1802 281; x_wconf 70' lang='lat' dir='ltr'>redeam,</span> 
     </span>
    </p>
   </div>
   <div class='ocr_carea' id='block_1_2' title="bbox 26 289 1802 434">
    <p class='ocr_par' dir='ltr' id='par_1_2' title="bbox 26 289 1802 434">
     <span class='ocr_line' id='line_1_3' title="bbox 32 289 1802 345; baseline -0.004 -1"><span class='ocrx_word' id='word_1_18' title='bbox 32 344 37 345; x_wconf 18' lang='lat'><em>⁷</em></span> <span class='ocrx_word' id='word_1_19' title='bbox 105 298 155 344; x_wconf 90' lang='lat' dir='ltr'>in</span> <span class='ocrx_word' id='word_1_20' title='bbox 210 295 308 343; x_wconf 82' lang='lat' dir='ltr'>fine</span> <span class='ocrx_word' id='word_1_21' title='bbox 364 294 514 343; x_wconf 90' lang='lat' dir='ltr'>huius</span> <span class='ocrx_word' id='word_1_22' title='bbox 568 293 800 342; x_wconf 83' lang='lat' dir='ltr'>editionis</span> <span class='ocrx_word' id='word_1_23' title='bbox 854 292 1012 341; x_wconf 89' lang='lat' dir='ltr'>adieci</span> <span class='ocrx_word' id='word_1_24' title='bbox 1067 290 1284 340; x_wconf 87' lang='lat' dir='ltr'>tabulam</span> <span class='ocrx_word' id='word_1_25' title='bbox 1337 289 1564 339; x_wconf 89' lang='lat' dir='ltr'>locorum</span> <span class='ocrx_word' id='word_1_26' title='bbox 1625 304 1802 338; x_wconf 85' lang='lat' dir='ltr'>eorum</span> 
     </span>
     <span class='ocr_line' id='line_1_4' title="bbox 26 363 1796 434; baseline -0.006 -13"><span class='ocrx_word' id='word_1_27' title='bbox 26 387 50 421; x_wconf 58' lang='lat' dir='ltr'><em>g</em></span> <span class='ocrx_word' id='word_1_28' title='bbox 106 368 287 433; x_wconf 89' lang='lat' dir='ltr'>quibus</span> <span class='ocrx_word' id='word_1_29' title='bbox 327 367 407 416; x_wconf 93' lang='lat' dir='ltr'>ille</span> <span class='ocrx_word' id='word_1_30' title='bbox 433 383 494 416; x_wconf 87' lang='lat' dir='ltr'>ex</span> <span class='ocrx_word' id='word_1_31' title='bbox 518 366 732 434; x_wconf 85' lang='lat' dir='ltr'>Vergilio</span> <span class='ocrx_word' id='word_1_32' title='bbox 771 366 986 433; x_wconf 82' lang='lat' dir='ltr'>pendeat</span> <span class='ocrx_word' id='word_1_33' title='bbox 1009 372 1093 414; x_wconf 88' lang='lat' dir='ltr'>aut</span> <span class='ocrx_word' id='word_1_34' title='bbox 1132 371 1268 414; x_wconf 87' lang='lat' dir='ltr'>certe</span> <span class='ocrx_word' id='word_1_35' title='bbox 1307 364 1526 428; x_wconf 89' lang='lat' dir='ltr'>pendere</span> <span class='ocrx_word' id='word_1_36' title='bbox 1552 363 1796 413; x_wconf 87' lang='lat' dir='ltr'>uideatur.</span> 
     </span>
    </p>
   </div>
   <div class='ocr_carea' id='block_1_3' title="bbox 107 437 1803 506">
    <p class='ocr_par' dir='ltr' id='par_1_3' title="bbox 107 437 1803 506">
     <span class='ocr_line' id='line_1_5' title="bbox 107 437 1803 506; baseline -0.004 -15"><span class='ocrx_word' id='word_1_37' title='bbox 107 457 269 506; x_wconf 88' lang='lat' dir='ltr'>neque</span> <span class='ocrx_word' id='word_1_38' title='bbox 308 443 441 490; x_wconf 90' lang='lat' dir='ltr'>enim</span> <span class='ocrx_word' id='word_1_39' title='bbox 479 440 615 490; x_wconf 90' lang='lat' dir='ltr'>illam</span> <span class='ocrx_word' id='word_1_40' title='bbox 653 443 724 490; x_wconf 89' lang='lat' dir='ltr'>sic</span> <span class='ocrx_word' id='word_1_41' title='bbox 764 441 922 504; x_wconf 80' lang='lat' dir='ltr'>accipi</span> <span class='ocrx_word' id='word_1_42' title='bbox 959 439 1089 505; x_wconf 71' lang='lat' dir='ltr'>uolt),</span> <span class='ocrx_word' id='word_1_43' title='bbox 1128 446 1377 502; x_wconf 89' lang='lat' dir='ltr'>tamquam</span> <span class='ocrx_word' id='word_1_44' title='bbox 1409 437 1640 486; x_wconf 89' lang='lat' dir='ltr'>omnibus</span> <span class='ocrx_word' id='word_1_45' title='bbox 1679 437 1803 485; x_wconf 88' lang='lat' dir='ltr'>locis</span> 
     </span>
    </p>
   </div>
   <div class='ocr_carea' id='block_1_4' title="bbox 31 511 1799 579">
    <p class='ocr_par' dir='ltr' id='par_1_4' title="bbox 31 511 1799 579">
     <span class='ocr_line' id='line_1_6' title="bbox 31 511 1799 579; baseline -0.003 -14"><span class='ocrx_word' id='word_1_46' title='bbox 31 547 35 551; x_wconf 69' lang='lat'><em>›</em></span> <span class='ocrx_word' id='word_1_47' title='bbox 106 517 432 565; x_wconf 87' lang='lat' dir='ltr'>imitationem</span> <span class='ocrx_word' id='word_1_48' title='bbox 488 530 598 564; x_wconf 88' lang='lat' dir='ltr'>esse</span> <span class='ocrx_word' id='word_1_49' title='bbox 654 514 954 579; x_wconf 80' lang='lat' dir='ltr'><strong>exploratam</strong></span> <span class='ocrx_word' id='word_1_50' title='bbox 1004 519 1200 578; x_wconf 84' lang='lat' dir='ltr'>putem3</span> <span class='ocrx_word' id='word_1_51' title='bbox 1255 513 1405 561; x_wconf 90' lang='lat' dir='ltr'>immo</span> <span class='ocrx_word' id='word_1_52' title='bbox 1460 511 1590 560; x_wconf 89' lang='lat' dir='ltr'>haud</span> <span class='ocrx_word' id='word_1_53' title='bbox 1644 525 1799 575; x_wconf 88' lang='lat' dir='ltr'>pauca</span> 
     </span>
    </p>
   </div>
   <div class='ocr_carea' id='block_1_5' title="bbox 106 584 1800 655">
    <p class='ocr_par' dir='ltr' id='par_1_5' title="bbox 106 584 1800 655">
     <span class='ocr_line' id='line_1_7' title="bbox 106 584 1800 655; baseline -0.004 -17"><span class='ocrx_word' id='word_1_54' title='bbox 106 589 235 655; x_wconf 78' lang='lat' dir='ltr'>loca,</span> <span class='ocrx_word' id='word_1_55' title='bbox 288 590 340 637; x_wconf 91' lang='lat' dir='ltr'>in</span> <span class='ocrx_word' id='word_1_56' title='bbox 388 604 513 653; x_wconf 90' lang='lat' dir='ltr'>quae</span> <span class='ocrx_word' id='word_1_57' title='bbox 561 588 694 653; x_wconf 93' lang='lat' dir='ltr'>quod</span> <span class='ocrx_word' id='word_1_58' title='bbox 749 603 900 652; x_wconf 88' lang='lat' dir='ltr'>supra</span> <span class='ocrx_word' id='word_1_59' title='bbox 954 587 1014 635; x_wconf 91' lang='lat' dir='ltr'>de</span> <span class='ocrx_word' id='word_1_60' title='bbox 1070 585 1390 635; x_wconf 82' lang='lat' dir='ltr'>similitudine</span> <span class='ocrx_word' id='word_1_61' title='bbox 1443 587 1647 635; x_wconf 88' lang='lat' dir='ltr'>fortuita</span> <span class='ocrx_word' id='word_1_62' title='bbox 1700 584 1800 632; x_wconf 88' lang='lat' dir='ltr'>dixi</span> 
     </span>
    </p>
   </div>
   <div class='ocr_carea' id='block_1_6' title="bbox 23 659 1801 729">
    <p class='ocr_par' dir='ltr' id='par_1_6' title="bbox 23 659 1801 729">
     <span class='ocr_line' id='line_1_8' title="bbox 23 659 1801 729; baseline -0.003 -17"><span class='ocrx_word' id='word_1_63' title='bbox 23 694 62 705; x_wconf 44' lang='lat'><strong><em>&lt;</em></strong></span> <span class='ocrx_word' id='word_1_64' title='bbox 108 663 270 729; x_wconf 86' lang='lat' dir='ltr'>cadat,</span> <span class='ocrx_word' id='word_1_65' title='bbox 310 678 389 711; x_wconf 90' lang='lat' dir='ltr'>me</span> <span class='ocrx_word' id='word_1_66' title='bbox 429 662 624 711; x_wconf 87' lang='lat' dir='ltr'>dedisse</span> <span class='ocrx_word' id='word_1_67' title='bbox 663 661 818 726; x_wconf 83' lang='lat' dir='ltr'>probe</span> <span class='ocrx_word' id='word_1_68' title='bbox 860 661 987 726; x_wconf 82' lang='lat' dir='ltr'>sci03</span> <span class='ocrx_word' id='word_1_69' title='bbox 1036 661 1122 709; x_wconf 87' lang='lat' dir='ltr'>sed</span> <span class='ocrx_word' id='word_1_70' title='bbox 1170 666 1334 708; x_wconf 90' lang='lat' dir='ltr'>tamen</span> <span class='ocrx_word' id='word_1_71' title='bbox 1382 660 1555 709; x_wconf 88' lang='lat' dir='ltr'>talium</span> <span class='ocrx_word' id='word_1_72' title='bbox 1601 659 1801 723; x_wconf 83' lang='lat' dir='ltr'>quoque</span> 
     </span>
    </p>
   </div>
   <div class='ocr_carea' id='block_1_7' title="bbox 31 732 1816 2939">
    <p class='ocr_par' dir='ltr' id='par_1_7' title="bbox 104 732 1804 1317">
     <span class='ocr_line' id='line_1_9' title="bbox 106 732 1799 796; baseline -0.003 -11"><span class='ocrx_word' id='word_1_73' title='bbox 106 737 330 786; x_wconf 89' lang='lat' dir='ltr'>locorum</span> <span class='ocrx_word' id='word_1_74' title='bbox 368 735 650 784; x_wconf 86' lang='lat' dir='ltr'>obseruatio</span> <span class='ocrx_word' id='word_1_75' title='bbox 691 741 920 784; x_wconf 84' lang='lat' dir='ltr'>accurata</span> <span class='ocrx_word' id='word_1_76' title='bbox 961 749 1100 783; x_wconf 91' lang='lat' dir='ltr'>suam</span> <span class='ocrx_word' id='word_1_77' title='bbox 1139 732 1288 782; x_wconf 88' lang='lat' dir='ltr'>hahet</span> <span class='ocrx_word' id='word_1_78' title='bbox 1326 733 1604 782; x_wconf 84' lang='lat' dir='ltr'>utilitatem.</span> <span class='ocrx_word' id='word_1_79' title='bbox 1659 747 1799 796; x_wconf 91' lang='lat' dir='ltr'>prae·</span> 
     </span>
     <span class='ocr_line' id='line_1_10' title="bbox 107 807 1798 873; baseline -0.003 -14"><span class='ocrx_word' id='word_1_80' title='bbox 107 817 186 859; x_wconf 89' lang='lat' dir='ltr'>ter</span> <span class='ocrx_word' id='word_1_81' title='bbox 225 809 492 873; x_wconf 85' lang='lat' dir='ltr'>Vergilium</span> <span class='ocrx_word' id='word_1_82' title='bbox 538 823 660 858; x_wconf 88' lang='lat' dir='ltr'>num</span> <span class='ocrx_word' id='word_1_83' title='bbox 706 808 825 857; x_wconf 89' lang='lat' dir='ltr'>alios</span> <span class='ocrx_word' id='word_1_84' title='bbox 871 815 1045 873; x_wconf 80' lang='lat' dir='ltr'>poetas</span> <span class='ocrx_word' id='word_1_85' title='bbox 1091 807 1339 856; x_wconf 89' lang='lat' dir='ltr'>Romanos</span> <span class='ocrx_word' id='word_1_86' title='bbox 1386 808 1659 856; x_wconf 78' lang='lat' dir='ltr'>imitatione</span> <span class='ocrx_word' id='word_1_87' title='bbox 1718 821 1798 854; x_wconf 87' lang='lat' dir='ltr'>ex-</span> 
     </span>
     <span class='ocr_line' id='line_1_11' title="bbox 106 881 1801 948; baseline -0.003 -16"><span class='ocrx_word' id='word_1_88' title='bbox 106 884 347 948; x_wconf 84' lang='lat' dir='ltr'>presserit</span> <span class='ocrx_word' id='word_1_89' title='bbox 385 882 629 948; x_wconf 79' lang='lat' dir='ltr'>ValeriUS‚</span> <span class='ocrx_word' id='word_1_90' title='bbox 671 898 726 932; x_wconf 89' lang='lat' dir='ltr'>ea</span> <span class='ocrx_word' id='word_1_91' title='bbox 765 897 848 931; x_wconf 90' lang='lat' dir='ltr'>res</span> <span class='ocrx_word' id='word_1_92' title='bbox 888 881 1152 931; x_wconf 84' lang='lat' dir='ltr'>admodum</span> <span class='ocrx_word' id='word_1_93' title='bbox 1190 883 1381 930; x_wconf 87' lang='lat' dir='ltr'>incerta</span> <span class='ocrx_word' id='word_1_94' title='bbox 1423 887 1511 930; x_wconf 90' lang='lat' dir='ltr'>est.</span> <span class='ocrx_word' id='word_1_95' title='bbox 1589 894 1703 928; x_wconf 90' lang='lat' dir='ltr'>nam</span> <span class='ocrx_word' id='word_1_96' title='bbox 1743 894 1801 927; x_wconf 88' lang='lat' dir='ltr'>ex</span> 
     </span>
     <span class='ocr_line' id='line_1_12' title="bbox 107 953 1803 1023; baseline -0.003 -17"><span class='ocrx_word' id='word_1_97' title='bbox 107 957 308 1023; x_wconf 79' lang='lat' dir='ltr'>Ouidio,</span> <span class='ocrx_word' id='word_1_98' title='bbox 364 959 449 1021; x_wconf 90' lang='lat' dir='ltr'>qui</span> <span class='ocrx_word' id='word_1_99' title='bbox 503 957 702 1021; x_wconf 89' lang='lat' dir='ltr'>quidem</span> <span class='ocrx_word' id='word_1_100' title='bbox 751 962 920 1005; x_wconf 89' lang='lat' dir='ltr'>certus</span> <span class='ocrx_word' id='word_1_101' title='bbox 968 957 1032 1005; x_wconf 87' lang='lat' dir='ltr'>sit</span> <span class='ocrx_word' id='word_1_102' title='bbox 1071 962 1217 1020; x_wconf 86' lang='lat' dir='ltr'>atque</span> <span class='ocrx_word' id='word_1_103' title='bbox 1273 954 1606 1020; x_wconf 72' lang='lat' dir='ltr'>indubitatus,</span> <span class='ocrx_word' id='word_1_104' title='bbox 1661 953 1803 1002; x_wconf 91' lang='lat' dir='ltr'>locus</span> 
     </span>
     <span class='ocr_line' id='line_1_13' title="bbox 107 1025 1804 1093; baseline -0.003 -13"><span class='ocrx_word' id='word_1_105' title='bbox 107 1031 297 1080; x_wconf 86' lang='lat' dir='ltr'>adlatus</span> <span class='ocrx_word' id='word_1_106' title='bbox 344 1037 421 1079; x_wconf 91' lang='lat' dir='ltr'>est</span> <span class='ocrx_word' id='word_1_107' title='bbox 460 1030 640 1080; x_wconf 71' lang='lat' dir='ltr'>nullus</span> <span class='ocrx_word' id='word_1_108' title='bbox 718 1045 777 1079; x_wconf 85' lang='lat' dir='ltr'>ex</span> <span class='ocrx_word' id='word_1_109' title='bbox 823 1029 1022 1079; x_wconf 89' lang='lat' dir='ltr'>Lucano</span> <span class='ocrx_word' id='word_1_110' title='bbox 1073 1028 1202 1092; x_wconf 85' lang='lat' dir='ltr'>[VIII</span> <span class='ocrx_word' id='word_1_111' title='bbox 1255 1025 1358 1078; x_wconf 83' lang='lat'>176</span> <span class='ocrx_word' id='word_1_112' title='bbox 1411 1027 1543 1093; x_wconf 66' lang='lat' dir='ltr'>sqq]</span> <span class='ocrx_word' id='word_1_113' title='bbox 1592 1034 1804 1092; x_wconf 88' lang='lat' dir='ltr'>possunt</span> 
     </span>
     <span class='ocr_line' id='line_1_14' title="bbox 106 1096 1802 1169; baseline -0.003 -16"><span class='ocrx_word' id='word_1_114' title='bbox 106 1105 268 1153; x_wconf 88' lang='lat' dir='ltr'>uideri</span> <span class='ocrx_word' id='word_1_115' title='bbox 312 1104 513 1153; x_wconf 87' lang='lat' dir='ltr'>fluxisse</span> <span class='ocrx_word' id='word_1_116' title='bbox 564 1119 743 1154; x_wconf 90' lang='lat' dir='ltr'>uersus</span> <span class='ocrx_word' id='word_1_117' title='bbox 790 1106 876 1169; x_wconf 90' lang='lat' dir='ltr'>qui</span> <span class='ocrx_word' id='word_1_118' title='bbox 922 1104 1157 1167; x_wconf 85' lang='lat' dir='ltr'>leguntur</span> <span class='ocrx_word' id='word_1_119' title='bbox 1202 1102 1245 1150; x_wconf 92' lang='grc' dir='ltr'>Π</span> <span class='ocrx_word' id='word_1_120' title='bbox 1286 1099 1506 1152; x_wconf 83' lang='lat'>61—-65</span> <span class='ocrx_word' id='word_1_121' title='bbox 1555 1096 1629 1169; x_wconf 84' lang='lat' dir='ltr'>(id</span> <span class='ocrx_word' id='word_1_122' title='bbox 1671 1100 1802 1164; x_wconf 86' lang='lat' dir='ltr'>quod</span> 
     </span>
     <span class='ocr_line' id='line_1_15' title="bbox 104 1169 1804 1243; baseline -0.003 -16"><span class='ocrx_word' id='word_1_123' title='bbox 104 1178 231 1228; x_wconf 89' lang='lat' dir='ltr'>bene</span> <span class='ocrx_word' id='word_1_124' title='bbox 279 1178 404 1227; x_wconf 84' lang='lat' dir='ltr'>uidit</span> <span class='ocrx_word' id='word_1_125' title='bbox 450 1177 793 1243; x_wconf 80' lang='lat' dir='ltr'>Weytinghius</span> <span class='ocrx_word' id='word_1_126' title='bbox 840 1178 900 1226; x_wconf 88' lang='lat' dir='ltr'>ad</span> <span class='ocrx_word' id='word_1_127' title='bbox 946 1177 1143 1226; x_wconf 86' lang='lat' dir='ltr'>Homer.</span> <span class='ocrx_word' id='word_1_128' title='bbox 1193 1176 1296 1225; x_wconf 91' lang='lat' dir='ltr'>Lat.</span> <span class='ocrx_word' id='word_1_129' title='bbox 1343 1193 1389 1241; x_wconf 91' lang='lat' dir='ltr'>p.</span> <span class='ocrx_word' id='word_1_130' title='bbox 1438 1173 1546 1224; x_wconf 77' lang='lat'>329</span> <span class='ocrx_word' id='word_1_131' title='bbox 1609 1169 1706 1241; x_wconf 78' lang='lat' dir='ltr'>sq.)</span> <span class='ocrx_word' id='word_1_132' title='bbox 1755 1181 1804 1222; x_wconf 89' lang='lat' dir='ltr'>ct</span> 
     </span>
     <span class='ocr_line' id='line_1_16' title="bbox 104 1251 384 1317; baseline 0 -17"><span class='ocrx_word' id='word_1_133' title='bbox 104 1254 249 1317; x_wconf 88' lang='lat' dir='ltr'>pauci</span> <span class='ocrx_word' id='word_1_134' title='bbox 290 1251 384 1300; x_wconf 91' lang='lat' dir='ltr'>alii.</span> 
     </span>
    </p>

    <p class='ocr_par' dir='ltr' id='par_1_8' title="bbox 108 1322 1816 2498">
     <span class='ocr_line' id='line_1_17' title="bbox 253 1322 1802 1391; baseline -0.003 -17"><span class='ocrx_word' id='word_1_135' title='bbox 253 1325 407 1375; x_wconf 88' lang='lat' dir='ltr'>Multo</span> <span class='ocrx_word' id='word_1_136' title='bbox 446 1331 611 1375; x_wconf 85' lang='lat' dir='ltr'>autem</span> <span class='ocrx_word' id='word_1_137' title='bbox 650 1327 805 1390; x_wconf 85' lang='lat' dir='ltr'>magis</span> <span class='ocrx_word' id='word_1_138' title='bbox 843 1332 920 1374; x_wconf 92' lang='lat' dir='ltr'>est</span> <span class='ocrx_word' id='word_1_139' title='bbox 958 1325 1178 1391; x_wconf 79' lang='lat' dir='ltr'>dubium,</span> <span class='ocrx_word' id='word_1_140' title='bbox 1220 1323 1400 1389; x_wconf 87' lang='lat' dir='ltr'>quibus</span> <span class='ocrx_word' id='word_1_141' title='bbox 1434 1323 1612 1372; x_wconf 84' lang='lat' dir='ltr'>Valerii</span> <span class='ocrx_word' id='word_1_142' title='bbox 1652 1322 1802 1387; x_wconf 85' lang='lat' dir='ltr'>Argo—</span> 
     </span>
     <span class='ocr_line' id='line_1_18' title="bbox 108 1398 1805 1464; baseline -0.002 -16"><span class='ocrx_word' id='word_1_143' title='bbox 108 1401 303 1450; x_wconf 88' lang='lat' dir='ltr'>nautica</span> <span class='ocrx_word' id='word_1_144' title='bbox 363 1401 525 1464; x_wconf 91' lang='lat' dir='ltr'>poetis</span> <span class='ocrx_word' id='word_1_145' title='bbox 586 1398 966 1463; x_wconf 88' lang='lat' dir='ltr'>insequentibus</span> <span class='ocrx_word' id='word_1_146' title='bbox 1030 1398 1255 1464; x_wconf 85' lang='lat' dir='ltr'>exemplo</span> <span class='ocrx_word' id='word_1_147' title='bbox 1317 1399 1506 1447; x_wconf 85' lang='lat' dir='ltr'>fuerint</span> <span class='ocrx_word' id='word_1_148' title='bbox 1575 1404 1624 1446; x_wconf 87' lang='lat' dir='ltr'>et</span> <span class='ocrx_word' id='word_1_149' title='bbox 1685 1398 1805 1461; x_wconf 87' lang='lat' dir='ltr'>ipsa.</span> 
     </span>
     <span class='ocr_line' id='line_1_19' title="bbox 110 1471 1803 1538; baseline -0.002 -16"><span class='ocrx_word' id='word_1_150' title='bbox 110 1489 222 1522; x_wconf 88' lang='lat' dir='ltr'>nam</span> <span class='ocrx_word' id='word_1_151' title='bbox 263 1489 388 1538; x_wconf 87' lang='lat' dir='ltr'>quae</span> <span class='ocrx_word' id='word_1_152' title='bbox 428 1473 533 1522; x_wconf 92' lang='lat' dir='ltr'>loca</span> <span class='ocrx_word' id='word_1_153' title='bbox 574 1473 749 1522; x_wconf 92' lang='lat' dir='ltr'>Silium</span> <span class='ocrx_word' id='word_1_154' title='bbox 789 1472 1088 1523; x_wconf 90' lang='lat' dir='ltr'>aemulatum</span> <span class='ocrx_word' id='word_1_155' title='bbox 1137 1488 1246 1522; x_wconf 90' lang='lat' dir='ltr'>esse</span> <span class='ocrx_word' id='word_1_156' title='bbox 1288 1471 1616 1520; x_wconf 89' lang='lat' dir='ltr'>Schenkelius</span> <span class='ocrx_word' id='word_1_157' title='bbox 1664 1478 1803 1535; x_wconf 88' lang='lat' dir='ltr'>puta-</span> 
     </span>
     <span class='ocr_line' id='line_1_20' title="bbox 112 1546 1804 1613; baseline -0.002 -17"><span class='ocrx_word' id='word_1_158' title='bbox 112 1549 205 1613; x_wconf 76' lang='lat' dir='ltr'>uit,</span> <span class='ocrx_word' id='word_1_159' title='bbox 270 1562 325 1596; x_wconf 87' lang='lat' dir='ltr'>ca</span> <span class='ocrx_word' id='word_1_160' title='bbox 387 1563 510 1596; x_wconf 90' lang='lat' dir='ltr'>uero</span> <span class='ocrx_word' id='word_1_161' title='bbox 572 1549 834 1595; x_wconf 83' lang='lat' dir='ltr'>maximam</span> <span class='ocrx_word' id='word_1_162' title='bbox 886 1554 1079 1612; x_wconf 87' lang='lat' dir='ltr'>partem</span> <span class='ocrx_word' id='word_1_163' title='bbox 1139 1546 1281 1596; x_wconf 90' lang='lat' dir='ltr'>nihili</span> <span class='ocrx_word' id='word_1_164' title='bbox 1355 1561 1464 1595; x_wconf 89' lang='lat' dir='ltr'>esse</span> <span class='ocrx_word' id='word_1_165' title='bbox 1527 1546 1804 1594; x_wconf 80' lang='lat' dir='ltr'>rectissime</span> 
     </span>
     <span class='ocr_line' id='line_1_21' title="bbox 108 1618 1805 1685; baseline -0.002 -16"><span class='ocrx_word' id='word_1_166' title='bbox 108 1622 300 1670; x_wconf 88' lang='lat' dir='ltr'>monuit</span> <span class='ocrx_word' id='word_1_167' title='bbox 348 1636 509 1685; x_wconf 89' lang='lat' dir='ltr'>nuper</span> <span class='ocrx_word' id='word_1_168' title='bbox 548 1620 863 1670; x_wconf 89' lang='lat' dir='ltr'>Hermannus</span> <span class='ocrx_word' id='word_1_169' title='bbox 909 1620 1128 1670; x_wconf 92' lang='lat' dir='ltr'>Blassius</span> <span class='ocrx_word' id='word_1_170' title='bbox 1175 1623 1226 1669; x_wconf 91' lang='lat' dir='ltr'>in</span> <span class='ocrx_word' id='word_1_171' title='bbox 1266 1618 1576 1668; x_wconf 88' lang='lat' dir='ltr'>Fleckeiseni</span> <span class='ocrx_word' id='word_1_172' title='bbox 1624 1618 1805 1667; x_wconf 90' lang='lat' dir='ltr'>annali-</span> 
     </span>
     <span class='ocr_line' id='line_1_22' title="bbox 109 1691 1805 1760; baseline -0.002 -17"><span class='ocrx_word' id='word_1_173' title='bbox 109 1694 202 1743; x_wconf 85' lang='lat' dir='ltr'>bus</span> <span class='ocrx_word' id='word_1_174' title='bbox 245 1693 307 1757; x_wconf 88' lang='lat' dir='ltr'>[a.</span> <span class='ocrx_word' id='word_1_175' title='bbox 353 1692 494 1745; x_wconf 82' lang='lat'>1874</span> <span class='ocrx_word' id='word_1_176' title='bbox 533 1711 580 1760; x_wconf 92' lang='lat' dir='ltr'>p.</span> <span class='ocrx_word' id='word_1_177' title='bbox 619 1691 730 1744; x_wconf 84' lang='lat'>494</span> <span class='ocrx_word' id='word_1_178' title='bbox 769 1694 915 1759; x_wconf 87' lang='lat' dir='ltr'>sqq.].</span> <span class='ocrx_word' id='word_1_179' title='bbox 994 1710 1149 1744; x_wconf 89' lang='lat' dir='ltr'>unum</span> <span class='ocrx_word' id='word_1_180' title='bbox 1198 1694 1411 1743; x_wconf 86' lang='lat' dir='ltr'>Statium</span> <span class='ocrx_word' id='word_1_181' title='bbox 1457 1693 1538 1741; x_wconf 91' lang='lat' dir='ltr'>hic</span> <span class='ocrx_word' id='word_1_182' title='bbox 1587 1693 1707 1759; x_wconf 81' lang='lat' dir='ltr'>illic,</span> <span class='ocrx_word' id='word_1_183' title='bbox 1755 1694 1805 1740; x_wconf 91' lang='lat' dir='ltr'>in</span> 
     </span>
     <span class='ocr_line' id='line_1_23' title="bbox 109 1766 1805 1832; baseline -0.002 -15"><span class='ocrx_word' id='word_1_184' title='bbox 109 1769 382 1818; x_wconf 87' lang='lat' dir='ltr'>enarranda</span> <span class='ocrx_word' id='word_1_185' title='bbox 429 1770 639 1817; x_wconf 86' lang='lat' dir='ltr'>maxime</span> <span class='ocrx_word' id='word_1_186' title='bbox 694 1771 921 1818; x_wconf 88' lang='lat' dir='ltr'>uirorum</span> <span class='ocrx_word' id='word_1_187' title='bbox 968 1768 1347 1818; x_wconf 89' lang='lat' dir='ltr'>Lemniacorum</span> <span class='ocrx_word' id='word_1_188' title='bbox 1402 1768 1572 1832; x_wconf 79' lang='lat' dir='ltr'>caede⁷</span> <span class='ocrx_word' id='word_1_189' title='bbox 1628 1766 1805 1815; x_wconf 88' lang='lat' dir='ltr'>Valerii</span> 
     </span>
     <span class='ocr_line' id='line_1_24' title="bbox 110 1840 1805 1908; baseline -0.002 -17"><span class='ocrx_word' id='word_1_190' title='bbox 110 1843 358 1908; x_wconf 85' lang='lat' dir='ltr'>exemplar</span> <span class='ocrx_word' id='word_1_191' title='bbox 406 1842 577 1892; x_wconf 90' lang='lat' dir='ltr'>sedulo</span> <span class='ocrx_word' id='word_1_192' title='bbox 626 1842 921 1892; x_wconf 87' lang='lat' dir='ltr'>obseruasse</span> <span class='ocrx_word' id='word_1_193' title='bbox 977 1849 1183 1892; x_wconf 90' lang='lat' dir='ltr'>constat.</span> <span class='ocrx_word' id='word_1_194' title='bbox 1262 1856 1375 1890; x_wconf 89' lang='lat' dir='ltr'>nam</span> <span class='ocrx_word' id='word_1_195' title='bbox 1431 1842 1490 1889; x_wconf 90' lang='lat' dir='ltr'>de</span> <span class='ocrx_word' id='word_1_196' title='bbox 1539 1840 1805 1891; x_wconf 87' lang='lat' dir='ltr'>Claudiano</span> 
     </span>
     <span class='ocr_line' id='line_1_25' title="bbox 110 1915 1808 1983; baseline -0.001 -18"><span class='ocrx_word' id='word_1_197' title='bbox 110 1931 191 1966; x_wconf 89' lang='lat' dir='ltr'>rcs</span> <span class='ocrx_word' id='word_1_198' title='bbox 238 1916 385 1966; x_wconf 89' lang='lat' dir='ltr'>dubia</span> <span class='ocrx_word' id='word_1_199' title='bbox 433 1924 529 1983; x_wconf 81' lang='lat' dir='ltr'>cst,</span> <span class='ocrx_word' id='word_1_200' title='bbox 579 1931 876 1982; x_wconf 86' lang='lat' dir='ltr'>quamquam</span> <span class='ocrx_word' id='word_1_201' title='bbox 922 1919 973 1965; x_wconf 88' lang='lat' dir='ltr'>in</span> <span class='ocrx_word' id='word_1_202' title='bbox 1014 1917 1268 1982; x_wconf 83' lang='lat' dir='ltr'>opusculis</span> <span class='ocrx_word' id='word_1_203' title='bbox 1315 1916 1387 1973; x_wconf 12' lang='lat' dir='ltr'>der</span> <span class='ocrx_word' id='word_1_204' title='bbox 1418 1922 1565 1980; x_wconf 86' lang='lat' dir='ltr'>raptu</span> <span class='ocrx_word' id='word_1_205' title='bbox 1603 1915 1808 1964; x_wconf 88' lang='lat' dir='ltr'>Proser·</span> 
     </span>
     <span class='ocr_line' id='line_1_26' title="bbox 109 1989 1808 2055; baseline -0.002 -16"><span class='ocrx_word' id='word_1_206' title='bbox 109 1992 252 2055; x_wconf 87' lang='lat' dir='ltr'>pinae</span> <span class='ocrx_word' id='word_1_207' title='bbox 293 1990 529 2040; x_wconf 91' lang='lat' dir='ltr'>nonnulla</span> <span class='ocrx_word' id='word_1_208' title='bbox 567 1989 649 2039; x_wconf 89' lang='lat' dir='ltr'>ille</span> <span class='ocrx_word' id='word_1_209' title='bbox 698 2006 799 2040; x_wconf 92' lang='lat' dir='ltr'>non</span> <span class='ocrx_word' id='word_1_210' title='bbox 854 1992 960 2040; x_wconf 90' lang='lat' dir='ltr'>sine</span> <span class='ocrx_word' id='word_1_211' title='bbox 1018 1991 1362 2040; x_wconf 84' lang='lat' dir='ltr'>recordatione</span> <span class='ocrx_word' id='word_1_212' title='bbox 1418 1996 1592 2054; x_wconf 89' lang='lat' dir='ltr'>poetae</span> <span class='ocrx_word' id='word_1_213' title='bbox 1647 1989 1808 2037; x_wconf 89' lang='lat' dir='ltr'>nostri</span> 
     </span>
     <span class='ocr_line' id='line_1_27' title="bbox 111 2061 1804 2129; baseline -0.002 -17"><span class='ocrx_word' id='word_1_214' title='bbox 111 2066 371 2129; x_wconf 87' lang='lat' dir='ltr'>scripsisse</span> <span class='ocrx_word' id='word_1_215' title='bbox 418 2070 597 2129; x_wconf 89' lang='lat' dir='ltr'>potest.</span> <span class='ocrx_word' id='word_1_216' title='bbox 676 2064 762 2113; x_wconf 89' lang='lat' dir='ltr'>sed</span> <span class='ocrx_word' id='word_1_217' title='bbox 810 2066 1030 2113; x_wconf 89' lang='lat' dir='ltr'>omnium</span> <span class='ocrx_word' id='word_1_218' title='bbox 1078 2065 1340 2114; x_wconf 85' lang='lat' dir='ltr'>falsissima</span> <span class='ocrx_word' id='word_1_219' title='bbox 1397 2071 1472 2112; x_wconf 91' lang='lat' dir='ltr'>est</span> <span class='ocrx_word' id='word_1_220' title='bbox 1521 2061 1804 2112; x_wconf 87' lang='lat' dir='ltr'>Schenkelii</span> 
     </span>
     <span class='ocr_line' id='line_1_28' title="bbox 113 2136 1811 2201; baseline -0.001 -16"><span class='ocrx_word' id='word_1_221' title='bbox 113 2137 173 2185; x_wconf 89' lang='lat' dir='ltr'>de</span> <span class='ocrx_word' id='word_1_222' title='bbox 215 2136 415 2187; x_wconf 89' lang='lat' dir='ltr'>Claudio</span> <span class='ocrx_word' id='word_1_223' title='bbox 457 2138 610 2186; x_wconf 89' lang='lat' dir='ltr'>Mario</span> <span class='ocrx_word' id='word_1_224' title='bbox 650 2137 847 2187; x_wconf 84' lang='lat' dir='ltr'>Victore</span> <span class='ocrx_word' id='word_1_225' title='bbox 889 2137 1068 2187; x_wconf 91' lang='lat' dir='ltr'>Valerii</span> <span class='ocrx_word' id='word_1_226' title='bbox 1108 2140 1354 2187; x_wconf 89' lang='lat' dir='ltr'>imitatore</span> <span class='ocrx_word' id='word_1_227' title='bbox 1396 2138 1576 2201; x_wconf 80' lang='lat' dir='ltr'>opinio,</span> <span class='ocrx_word' id='word_1_228' title='bbox 1655 2150 1811 2185; x_wconf 88' lang='lat' dir='ltr'>unum</span> 
     </span>
     <span class='ocr_line' id='line_1_29' title="bbox 112 2210 1807 2275; baseline 0.001 -17"><span class='ocrx_word' id='word_1_229' title='bbox 112 2210 451 2259; x_wconf 85' lang='lat' dir='ltr'>tantummodo</span> <span class='ocrx_word' id='word_1_230' title='bbox 491 2211 811 2260; x_wconf 89' lang='lat' dir='ltr'>Dracontium</span> <span class='ocrx_word' id='word_1_231' title='bbox 851 2227 909 2259; x_wconf 91' lang='lat' dir='ltr'>ex</span> <span class='ocrx_word' id='word_1_232' title='bbox 952 2212 1136 2260; x_wconf 88' lang='lat' dir='ltr'>ultimis</span> <span class='ocrx_word' id='word_1_233' title='bbox 1176 2212 1371 2275; x_wconf 90' lang='lat' dir='ltr'>imperii</span> <span class='ocrx_word' id='word_1_234' title='bbox 1403 2210 1609 2258; x_wconf 88' lang='lat' dir='ltr'>Romani</span> <span class='ocrx_word' id='word_1_235' title='bbox 1652 2212 1807 2274; x_wconf 88' lang='lat' dir='ltr'>scrip-</span> 
     </span>
     <span class='ocr_line' id='line_1_30' title="bbox 110 2284 1816 2350; baseline -0.001 -18"><span class='ocrx_word' id='word_1_236' title='bbox 110 2284 302 2333; x_wconf 85' lang='lat' dir='ltr'>toribus</span> <span class='ocrx_word' id='word_1_237' title='bbox 342 2287 461 2333; x_wconf 89' lang='lat' dir='ltr'>noui</span> <span class='ocrx_word' id='word_1_238' title='bbox 503 2298 652 2350; x_wconf 81' lang='lat' dir='ltr'>quem</span> <span class='ocrx_word' id='word_1_239' title='bbox 691 2284 938 2334; x_wconf 88' lang='lat' dir='ltr'>Valerium</span> <span class='ocrx_word' id='word_1_240' title='bbox 973 2301 1070 2334; x_wconf 91' lang='lat' dir='ltr'>non</span> <span class='ocrx_word' id='word_1_241' title='bbox 1098 2287 1202 2334; x_wconf 89' lang='lat' dir='ltr'>sine</span> <span class='ocrx_word' id='word_1_242' title='bbox 1237 2287 1404 2334; x_wconf 85' lang='lat' dir='ltr'>fructu</span> <span class='ocrx_word' id='word_1_243' title='bbox 1444 2284 1621 2348; x_wconf 86' lang='lat' dir='ltr'>legisse</span> <span class='ocrx_word' id='word_1_244' title='bbox 1655 2285 1816 2348; x_wconf 91' lang='lat' dir='ltr'>possit</span> 
     </span>
     <span class='ocr_line' id='line_1_31' title="bbox 114 2357 1810 2424; baseline -0.001 -18"><span class='ocrx_word' id='word_1_245' title='bbox 114 2358 386 2424; x_wconf 82' lang='lat' dir='ltr'>adfirmari3</span> <span class='ocrx_word' id='word_1_246' title='bbox 427 2366 562 2408; x_wconf 90' lang='lat' dir='ltr'>certe</span> <span class='ocrx_word' id='word_1_247' title='bbox 602 2361 654 2408; x_wconf 94' lang='lat' dir='ltr'>in</span> <span class='ocrx_word' id='word_1_248' title='bbox 695 2362 911 2408; x_wconf 88' lang='lat' dir='ltr'>carmine</span> <span class='ocrx_word' id='word_1_249' title='bbox 951 2359 1083 2408; x_wconf 90' lang='lat' dir='ltr'>illius</span> <span class='ocrx_word' id='word_1_250' title='bbox 1130 2360 1190 2407; x_wconf 90' lang='lat' dir='ltr'>de</span> <span class='ocrx_word' id='word_1_251' title='bbox 1237 2365 1382 2423; x_wconf 89' lang='lat' dir='ltr'>raptu</span> <span class='ocrx_word' id='word_1_252' title='bbox 1422 2357 1572 2422; x_wconf 84' lang='lat' dir='ltr'>Hylae</span> <span class='ocrx_word' id='word_1_253' title='bbox 1614 2372 1810 2422; x_wconf 86' lang='lat' dir='ltr'>compo·</span> 
     </span>
     <span class='ocr_line' id='line_1_32' title="bbox 112 2432 1616 2498; baseline 0 -18"><span class='ocrx_word' id='word_1_254' title='bbox 112 2434 205 2481; x_wconf 88' lang='lat' dir='ltr'>sito</span> <span class='ocrx_word' id='word_1_255' title='bbox 245 2432 487 2497; x_wconf 87' lang='lat' dir='ltr'>quaedam</span> <span class='ocrx_word' id='word_1_256' title='bbox 525 2433 790 2483; x_wconf 88' lang='lat' dir='ltr'>lectionem</span> <span class='ocrx_word' id='word_1_257' title='bbox 829 2432 1135 2482; x_wconf 81' lang='lat' dir='ltr'>valerianam</span> <span class='ocrx_word' id='word_1_258' title='bbox 1175 2439 1344 2498; x_wconf 85' lang='lat' dir='ltr'>aperte</span> <span class='ocrx_word' id='word_1_259' title='bbox 1384 2432 1616 2497; x_wconf 90' lang='lat' dir='ltr'>produnt.</span> 
     </span>
    </p>

    <p class='ocr_par' dir='ltr' id='par_1_9' title="bbox 31 2503 1811 2571">
     <span class='ocr_line' id='line_1_33' title="bbox 31 2503 1811 2571; baseline -0.001 -16"><span class='ocrx_word' id='word_1_260' title='bbox 31 2560 34 2563; x_wconf 59' lang='lat'>.</span> <span class='ocrx_word' id='word_1_261' title='bbox 260 2507 590 2571; x_wconf 85' lang='lat' dir='ltr'>Argonautica</span> <span class='ocrx_word' id='word_1_262' title='bbox 616 2508 764 2557; x_wconf 90' lang='lat' dir='ltr'>unico</span> <span class='ocrx_word' id='word_1_263' title='bbox 789 2506 959 2556; x_wconf 87' lang='lat' dir='ltr'>codice</span> <span class='ocrx_word' id='word_1_264' title='bbox 1002 2507 1193 2556; x_wconf 87' lang='lat' dir='ltr'>scilicet</span> <span class='ocrx_word' id='word_1_265' title='bbox 1232 2506 1464 2556; x_wconf 88' lang='lat' dir='ltr'>Vaticano</span> <span class='ocrx_word' id='word_1_266' title='bbox 1499 2503 1640 2556; x_wconf 78' lang='lat'><strong>3277</strong></span> <span class='ocrx_word' id='word_1_267' title='bbox 1685 2520 1811 2553; x_wconf 87' lang='lat' dir='ltr'>saec</span> 
     </span>
    </p>

    <p class='ocr_par' dir='ltr' id='par_1_10' title="bbox 112 2578 1814 2939">
     <span class='ocr_line' id='line_1_34' title="bbox 112 2578 1810 2646; baseline 0 -20"><span class='ocrx_word' id='word_1_268' title='bbox 112 2578 178 2627; x_wconf 86' lang='lat' dir='ltr'>IX</span> <span class='ocrx_word' id='word_1_269' title='bbox 219 2579 302 2646; x_wconf 83' lang='lat' dir='ltr'>[V3</span> <span class='ocrx_word' id='word_1_270' title='bbox 342 2580 402 2629; x_wconf 88' lang='lat' dir='ltr'>de</span> <span class='ocrx_word' id='word_1_271' title='bbox 443 2596 502 2630; x_wconf 88' lang='lat' dir='ltr'>eo</span> <span class='ocrx_word' id='word_1_272' title='bbox 543 2582 604 2630; x_wconf 86' lang='lat' dir='ltr'>cf.</span> <span class='ocrx_word' id='word_1_273' title='bbox 645 2580 786 2630; x_wconf 91' lang='lat' dir='ltr'>Thilo</span> <span class='ocrx_word' id='word_1_274' title='bbox 826 2581 1010 2646; x_wconf 86' lang='lat' dir='ltr'>proleg.</span> <span class='ocrx_word' id='word_1_275' title='bbox 1051 2597 1097 2646; x_wconf 91' lang='lat' dir='ltr'>p.</span> <span class='ocrx_word' id='word_1_276' title='bbox 1139 2580 1222 2628; x_wconf 90' lang='lat' dir='ltr'>XL</span> <span class='ocrx_word' id='word_1_277' title='bbox 1263 2580 1393 2645; x_wconf 63' lang='lat' dir='ltr'>sqq]</span> <span class='ocrx_word' id='word_1_278' title='bbox 1443 2585 1711 2644; x_wconf 84' lang='lat' dir='ltr'>propagata</span> <span class='ocrx_word' id='word_1_279' title='bbox 1751 2578 1810 2626; x_wconf 91' lang='lat' dir='ltr'>ad</span> 
     </span>
     <span class='ocr_line' id='line_1_35' title="bbox 113 2651 1813 2718; baseline -0.001 -18"><span class='ocrx_word' id='word_1_280' title='bbox 113 2667 204 2700; x_wconf 87' lang='lat' dir='ltr'>nos</span> <span class='ocrx_word' id='word_1_281' title='bbox 243 2661 599 2718; x_wconf 87' lang='lat' dir='ltr'>peruenerunt.</span> <span class='ocrx_word' id='word_1_282' title='bbox 677 2670 737 2704; x_wconf 87' lang='lat' dir='ltr'>ex</span> <span class='ocrx_word' id='word_1_283' title='bbox 785 2670 843 2704; x_wconf 90' lang='lat' dir='ltr'>eo</span> <span class='ocrx_word' id='word_1_284' title='bbox 892 2657 1024 2704; x_wconf 90' lang='lat' dir='ltr'>enim</span> <span class='ocrx_word' id='word_1_285' title='bbox 1063 2655 1317 2704; x_wconf 86' lang='lat' dir='ltr'>fluxerunt</span> <span class='ocrx_word' id='word_1_286' title='bbox 1365 2669 1479 2702; x_wconf 91' lang='lat' dir='ltr'>cum</span> <span class='ocrx_word' id='word_1_287' title='bbox 1527 2652 1651 2700; x_wconf 88' lang='lat' dir='ltr'>liber</span> <span class='ocrx_word' id='word_1_288' title='bbox 1692 2651 1813 2701; x_wconf 82' lang='lat' dir='ltr'>San-</span> 
     </span>
     <span class='ocr_line' id='line_1_36' title="bbox 115 2725 1811 2794; baseline 0 -20"><span class='ocrx_word' id='word_1_289' title='bbox 115 2725 347 2790; x_wconf 83' lang='lat' dir='ltr'>gallensis</span> <span class='ocrx_word' id='word_1_290' title='bbox 404 2727 488 2791; x_wconf 85' lang='lat' dir='ltr'>[cf.</span> <span class='ocrx_word' id='word_1_291' title='bbox 536 2728 678 2778; x_wconf 86' lang='lat' dir='ltr'>Thilo</span> <span class='ocrx_word' id='word_1_292' title='bbox 718 2729 748 2778; x_wconf 93' lang='lat' dir='ltr'>l.</span> <span class='ocrx_word' id='word_1_293' title='bbox 797 2729 826 2777; x_wconf 94' lang='lat' dir='ltr'>l.</span> <span class='ocrx_word' id='word_1_294' title='bbox 882 2745 927 2793; x_wconf 90' lang='lat' dir='ltr'>p.</span> <span class='ocrx_word' id='word_1_295' title='bbox 968 2728 1091 2776; x_wconf 91' lang='lat' dir='ltr'>LXV</span> <span class='ocrx_word' id='word_1_296' title='bbox 1148 2728 1294 2794; x_wconf 80' lang='lat' dir='ltr'>sqq.]‚</span> <span class='ocrx_word' id='word_1_297' title='bbox 1353 2734 1456 2776; x_wconf 85' lang='lat' dir='ltr'>turn</span> <span class='ocrx_word' id='word_1_298' title='bbox 1503 2727 1811 2775; x_wconf 86' lang='lat' dir='ltr'>recentiores</span> 
     </span>
     <span class='ocr_line' id='line_1_37' title="bbox 114 2797 1808 2870; baseline 0 -23"><span class='ocrx_word' id='word_1_299' title='bbox 114 2799 311 2849; x_wconf 85' lang='lat' dir='ltr'>codices</span> <span class='ocrx_word' id='word_1_300' title='bbox 364 2815 558 2870; x_wconf 85' lang='lat' dir='ltr'>omneS,</span> <span class='ocrx_word' id='word_1_301' title='bbox 613 2804 745 2852; x_wconf 90' lang='lat' dir='ltr'>inter</span> <span class='ocrx_word' id='word_1_302' title='bbox 801 2817 926 2867; x_wconf 87' lang='lat' dir='ltr'>quos</span> <span class='ocrx_word' id='word_1_303' title='bbox 973 2802 1283 2852; x_wconf 88' lang='lat' dir='ltr'>Monacensis</span> <span class='ocrx_word' id='word_1_304' title='bbox 1338 2818 1377 2850; x_wconf 89' lang='lat' dir='ltr'>c.</span> <span class='ocrx_word' id='word_1_305' title='bbox 1427 2800 1506 2849; x_wconf 89' lang='lat' dir='ltr'>lat.</span> <span class='ocrx_word' id='word_1_306' title='bbox 1558 2797 1665 2850; x_wconf 82' lang='lat'>802</span> <span class='ocrx_word' id='word_1_307' title='bbox 1715 2799 1808 2862; x_wconf 85' lang='lat' dir='ltr'>[M]</span> 
     </span>
     <span class='ocr_line' id='line_1_38' title="bbox 115 2874 1814 2939; baseline -0.001 -17"><span class='ocrx_word' id='word_1_308' title='bbox 115 2889 363 2923; x_wconf 85' lang='lat' dir='ltr'>summum</span> <span class='ocrx_word' id='word_1_309' title='bbox 418 2877 610 2939; x_wconf 86' lang='lat' dir='ltr'>optinet</span> <span class='ocrx_word' id='word_1_310' title='bbox 661 2876 838 2926; x_wconf 90' lang='lat' dir='ltr'>locum.</span> <span class='ocrx_word' id='word_1_311' title='bbox 924 2892 983 2924; x_wconf 81' lang='lat' dir='ltr'>cx</span> <span class='ocrx_word' id='word_1_312' title='bbox 1047 2876 1220 2924; x_wconf 73' lang='lat' dir='ltr'>eodem</span> <span class='ocrx_word' id='word_1_313' title='bbox 1288 2874 1516 2924; x_wconf 75' lang='lat' dir='ltr'>Vaticano</span> <span class='ocrx_word' id='word_1_314' title='bbox 1579 2875 1814 2938; x_wconf 82' lang='lat' dir='ltr'>prouenit</span> 
     </span>
    </p>
   </div>
  </div>
 </body>
</html>
