1982 3120
171 160 254 203 LII
840 163 1191 208 PRAEFATIO

324 286 390 332 25
429 289 664 346 yrataqne
703 301 762 334 ex
800 287 846 332 V
877 288 1092 336 restitui.
1167 305 1286 337 nam
1332 285 1466 352 ‘que'
1516 306 1712 352 semper
1757 292 1863 340 fere

172 374 263 420 pro
305 353 405 405 ‘ue’
436 359 578 421 ponit
617 359 867 410 Valerius.

325 433 390 480 29
433 434 703 494 appendere
739 434 878 482 Itali:
921 436 1174 484 accendere
1210 436 1270 484 V.

325 506 391 553 32
423 511 689 566 parantem
728 524 787 555 ex
825 508 872 554 V
911 508 1127 557 restitui.

324 580 391 626 33
434 582 677 628 anteuenit
712 581 1023 644 Maduigius:
1072 587 1183 631 ante
1227 585 1384 644 aperit
1421 585 1480 634 V.
1521 612 1591 619 ——
1633 589 1870 636 mouentis

176 645 268 715 (sc.
310 646 421 717 ora)
462 654 662 715 scripsi:
702 657 940 704 morantis
977 655 1037 704 V.

322 742 388 788 41
441 742 647 802 Mv‘mqjae
699 743 958 791 Heinsius:
1015 758 1153 792 cerno
1208 746 1268 807 V,
1324 747 1458 808 quod
1509 746 1870 810 interpolatum

173 815 251 862 est
288 817 558 877 postquam
598 811 805 864 ‘minue'
845 820 962 879 post
1001 812 1296 866 ‘hominum'
1335 820 1604 869 intercidit.

325 904 396 952 50
423 908 628 965 penates
665 906 1005 954 Burmannus:
1036 911 1268 966 parentes
1290 901 1365 955 'V.

321 977 390 1026 53
430 979 618 1027 inmisit
655 979 854 1040 scripsi:
893 980 1049 1028 inlisit
1085 980 1132 1026 V
1173 981 1278 1028 sine
1318 982 1545 1044 exemplo
1584 982 1734 1031 iusto.

324 1051 391 1098 55
439 1051 613 1099 malim
661 1047 933 1100 edecrescet
981 1049 1276 1116 Caucasus'3
1325 1055 1385 1102 cf.
1426 1054 1619 1104 Statius
1669 1053 1804 1117 [silu.
1847 1057 1871 1103 I

176 1127 228 1186 1,
273 1121 380 1186 10].

323 1214 389 1261 57
433 1217 824 1262 ant—statuam
862 1215 1066 1276 scripsi:
1108 1218 1417 1265 ant—statui
1455 1216 1514 1264 V.

325 1288 391 1335 76
433 1287 653 1335 dentibus
690 1286 951 1336 Heinsius:
992 1290 1190 1337 seminis
1227 1289 1288 1337 V.

323 1361 408 1422 84,
451 1361 519 1409 85
559 1374 725 1408 sereno
765 1376 855 1409 ane
895 1362 1094 1423 scripsi:
1134 1377 1306 1411 serena
1344 1377 1455 1411 arce
1491 1362 1552 1426 V,
1603 1363 1691 1411 sed
1740 1358 1870 1411 ‘arx'

171 1448 446 1495 numquam
500 1434 684 1483 omisso
740 1435 910 1483 addito
974 1436 1191 1498 quodam
1253 1429 1418 1503 (uelut
1481 1430 1778 1502 εοε1.0108118’)
1842 1452 1871 1484 a

172 1507 376 1555 Valerio
417 1507 630 1570 aliisque
670 1524 761 1570 pro
797 1503 1030 1557 ‘caelum'
1068 1510 1286 1571 ponitur.
1326 1537 1393 1543 —
1427 1524 1641 1570 prensus
1673 1509 1871 1571 scripsi:

163 1595 401 1642 praeceps
438 1582 507 1644 V,
556 1582 689 1644 quod
728 1584 999 1645 utcumque
1038 1583 1317 1645 repositum
1364 1587 1462 1646 est,
1509 1586 1778 1646 postquam
1823 1583 1876 1631 in

174 1650 426 1717 ‘prensus'
473 1671 596 1703 uoce
643 1655 823 1704 ultima
863 1657 1060 1719 syllaba
1107 1660 1225 1705 ante
1274 1651 1480 1705 ‘subito'
1526 1657 1691 1719 periit.
1774 1656 1874 1704 Va-

172 1729 328 1777 lerius
379 1728 610 1777 imitatur
656 1729 784 1777 illud
823 1730 1160 1778 Horatianum
1209 1725 1387 1779 ‘otium
1434 1730 1578 1778 diuos
1624 1733 1775 1792 rogat
1820 1730 1874 1777 in

171 1802 368 1864 patenti
405 1818 617 1864 prensus
659 1799 905 1866 Aegaeo':
947 1804 1007 1852 cf.
1048 1806 1100 1852 et
1122 1803 1380 1852 Bentleius
1414 1806 1465 1852 et
1487 1802 1869 1865 Peerlkampius

174 1877 238 1924 ad
269 1876 390 1924 Hor.
433 1877 508 1925 od.
534 1877 559 1924 I
602 1879 685 1940 14,
722 1879 805 1926 10.

326 1951 428 1998 115
472 1965 668 1999 cernens
700 1951 897 2013 scripsi:
937 1965 1142 2014 quaeres
1171 1952 1231 2014 V,
1270 1952 1402 1999 unde
1443 1945 1728 2014 equaerens'
1754 1950 1864 1998 edd.

174 2026 228 2071 at
264 2039 425 2086 neque
463 2025 516 2071 in
556 2025 661 2072 solo
703 2025 856 2072 cubili
894 2040 1054 2087 neque
1093 2026 1144 2072 in
1185 2026 1371 2074 sororis
1411 2025 1604 2087 gremio
1631 2039 1873 2087 quaerere

173 2100 343 2159 potest
389 2097 596 2145 Medeae
642 2097 837 2146 Iasonis
883 2099 1078 2161 uultus,
1133 2099 1284 2146 immo
1345 2099 1399 2146 hi
1451 2099 1638 2160 ubique
1687 2098 1734 2146 ei
1789 2097 1874 2145 ob-

174 2171 524 2219 uersabantur.

326 2261 429 2308 127
471 2263 615 2308 semet
645 2261 714 2308 sic
736 2247 927 2321 {crepat
958 2260 1156 2322 scripsi:
1196 2260 1362 2309 semels
1400 2261 1620 2320 increpat
1639 2259 1702 2321 V,
1741 2258 1872 2307 unde

175 2332 309 2394 quod
349 2333 457 2380 edd.
496 2333 675 2395 legunt
716 2328 845 2382 ‘sese
886 2329 1059 2382 semel'
1098 2334 1327 2395 ineptum
1366 2335 1458 2381 est.
1535 2332 1596 2380 de
1637 2326 1747 2380 ‘sic'
1786 2348 1872 2380 uo-

173 2406 286 2453 cula
326 2408 563 2467 sequente
603 2400 713 2452 ‘ait'
755 2406 928 2454 addita
967 2406 1028 2454 cf.
1068 2407 1140 2454 VI
1183 2407 1310 2467 6463
1350 2405 1476 2452 VIII
1519 2407 1584 2454 17
1594 2406 1623 2453 7
1665 2405 1779 2452 alia.

327 2481 431 2527 134
476 2481 573 2540 fntt
611 2479 809 2541 scripsi:
850 2481 974 2540 foret
1011 2480 1071 2527 V.

326 2554 431 2601 135
473 2568 500 2600 ο
539 2557 729 2601 tantum
770 2553 967 2615 scripsi:
1010 2557 1053 2600 et
1090 2553 1285 2602 tandem
1326 2553 1386 2600 V.

329 2628 431 2675 139
474 2642 507 2675 a
542 2628 710 2675 redeat
747 2626 946 2688 scripsi:
986 2630 1073 2675 ant
1108 2627 1273 2675 redeat
1315 2626 1374 2688 V,
1416 2625 1549 2688 quod
1595 2641 1654 2673 ex
1694 2626 1864 2688 glossa

174 2732 343 2777 ortum
382 2733 460 2778 est
497 2730 591 2777 hac
632 2697 702 2779 ‘aa
739 2723 947 2777 redeat'.
1308 2722 1311 2724 “

327 2805 432 2852 150
470 2806 679 2853 incestae
718 2804 861 2852 Dom.
900 2802 1114 2851 Marius:
1153 2803 1358 2862 ‘infestae
1396 2802 1456 2849 V.

327 2878 426 2925 151
473 2892 624 2926 anens
665 2876 866 2939 scripsi:
907 2889 1054 2940 ayens
1090 2875 1152 2923 V.

327 2951 430 2999 156
463 2952 655 3011 pudere
697 2950 931 2999 Vossius:
962 2950 1149 3012 pudori
1189 2949 1250 2996 V.
