1982 3120
241 104 371 147 XXX
905 102 1252 147 PRAEFATIO

240 230 411 277 maesti
455 231 702 277 steterumt.
735 229 999 288 formidine
1051 228 1158 276 luci.
1242 228 1542 289 prauissime
1598 227 1800 276 additur
1859 223 1930 276 eet

239 302 421 350 maesti
466 296 601 364 luci',
656 316 768 349 cum
823 316 949 363 quae
998 301 1050 348 in
1095 301 1344 364 Pangaeis
1400 302 1452 350 et
1491 300 1734 364 Gargaris
1787 303 1938 349 erant

239 390 444 424 nemora
496 375 764 423 formidine
820 375 1022 423 stetisse
1075 375 1310 423 Valerius
1362 375 1537 437 fingat.
1628 374 1676 422 V
1728 374 1931 424 exhibet

241 444 465 498 ‘maestis
507 451 557 497 et
597 443 776 511 erant',
815 449 947 495 unde
986 448 1273 496 litterarum
1312 443 1398 496 ‘st'
1454 451 1505 497 et
1552 442 1614 497 ‘s'
1652 449 1928 510 transposi-

240 523 376 571 tione
421 523 557 570 facta
605 517 779 569 ‘maesi
831 515 1097 570 steterant'
1138 522 1322 569 euadit.
1407 524 1458 570 et
1501 538 1593 584 pro
1642 515 1928 571 ‘steterant'

239 596 439 658 quidem
475 598 611 644 recte
649 596 771 644 Pius
794 595 1054 658 rescripsit
1079 589 1367 643 ‘steterunt'
1379 615 1391 657 3
1414 612 1505 656 pro
1539 589 1735 644 ‘massi'
1759 597 1932 644 autem

238 685 330 718 nos
371 669 598 718 dedimus
639 663 851 717 ‘Moesi'.

388 745 490 792 369
533 745 650 792 dum
687 747 838 792 metus
878 743 1074 805 scripsi:
1123 745 1206 803 qui
1242 747 1395 792 metus
1432 743 1494 790 V.
1534 737 1703 805 equem
1738 736 1924 790 metus'
1981 774 1982 777 =

235 818 405 878 inepte
445 817 570 879 edd„
611 831 724 865 cum
761 833 861 866 non
900 817 960 865 de
990 833 1090 865 uno
1132 817 1436 879 Thespiade,
1478 816 1566 865 sed
1605 816 1666 863 de
1698 816 1929 865 omnibus

237 891 424 954 Minyis
464 893 663 954 agatur.
1275 893 1278 896 ’
1821 889 1824 891 ’
1962 943 1964 946 ,

389 965 495 1012 387
535 965 748 1025 peryula
793 965 882 1013 alit
927 964 1126 1026 scripsi:
1176 968 1306 1013 terra
1350 966 1492 1013 iuuat
1535 964 1596 1011 V.
1647 990 1720 996 —
1766 964 1928 1012 breuis

235 1039 290 1085 in
326 1040 484 1096 flexus
523 1041 668 1099 χαῖρεν
714 1040 911 1098 amyitm
956 1040 1085 1086 orbis
1122 1038 1414 1086 Withofius:
1461 1039 1622 1086 breuis
1658 1038 1714 1086 in
1756 1037 1922 1086 laeuos
1959 1072 1967 1093 ,

231 1113 372 1172 piyer
410 1114 607 1172 anyitur
644 1114 779 1160 orbes
816 1111 955 1160 codd.
1965 1136 1968 1143 ·

385 1187 492 1234 394
532 1189 598 1234 est
643 1186 841 1247 scripsi:
883 1189 926 1233 et
963 1185 1103 1233 codd.
1144 1179 1223 1232 ‘it’
1264 1184 1375 1232 edd.
1964 1218 1969 1222 -

384 1260 490 1306 412
531 1260 708 1308 uiridis
747 1274 783 1306 e.
822 1260 868 1307 Ie.
903 1260 996 1307 late
1026 1258 1319 1321 Meynckius
1358 1258 1395 1305 I.
1435 1275 1483 1319 p.
1516 1259 1586 1306 48
1622 1273 1714 1319 sq.:
1753 1258 1931 1306 uiridis
1964 1275 1973 1326 ζ

239 1347 276 1380 e.
315 1334 358 1380 h.
400 1334 492 1380 tela
530 1333 590 1380 V.
1965 1330 1974 1347 ‘'

383 1408 490 1454 413
538 1407 709 1455 mediis
758 1407 940 1467 refuyit
974 1410 1122 1467 pater
1175 1407 1352 1454 anxius
1399 1406 1599 1454 umbris.
1685 1404 1928 1453 Thoantis
1967 1451 1978 1473 J

236 1480 289 1526 in
340 1480 469 1527 silua
506 1479 779 1528 latibulum
823 1480 925 1527 iam
973 1480 1096 1529 satis
1145 1495 1392 1541 superque
1429 1479 1599 1526 uerbis
1639 1477 1930 1526 anteceden-

234 1554 372 1601 tibus
412 1548 608 1602 ‘uiridis
649 1554 834 1601 circum
873 1554 1079 1601 horrida
1116 1554 1219 1600 late
1260 1553 1390 1601 silua
1427 1546 1619 1600 tremit'
1657 1552 1932 1600 indicatum
1973 1550 1982 1614 ξ

176 1627 179 1629 ’
234 1630 312 1675 est
364 1643 525 1689 neque
586 1628 687 1690 hic,
740 1628 828 1675 ubi
874 1627 1083 1690 fastigia
1143 1642 1313 1674 rerum
1366 1628 1686 1688 enarrantur,
1745 1626 1932 1673 iterum
1971 1616 1982 1665 ’Ϊ

233 1701 388 1748 habet
441 1702 620 1749 10011111.
697 1701 893 1761 deinde,
952 1702 996 1748 si
1049 1701 1141 1748 hoc
1187 1700 1370 1762 uoluit,
1425 1699 1659 1747 Valerius
1715 1702 1804 1747 aut
1859 1694 1930 1746 ‘in
1951 1691 1982 1747 ν]

233 1774 422 1822 medias
469 1775 659 1836 refugit
705 1778 850 1836 pater
899 1769 1125 1822 umbras'
1177 1777 1265 1821 aut
1320 1769 1516 1821 ‘mediis
1561 1772 1734 1820 latitat
1783 1775 1931 1835 pater
1977 1769 1982 1797 ²

232 1843 444 1895 umbris'
494 1848 713 1896 scribere
769 1848 958 1896 debuit.
1035 1848 1248 1910 denique
1296 1847 1638 1895 desideramus
1685 1845 1928 1895 Thoantis
1978 1854 1982 1899 ἱ

234 1937 384 1983 super
422 1938 560 1969 mare
599 1922 752 1984 fugae
791 1922 1328 1970 commemorationem.
1403 1921 1518 1968 hinc
1565 1935 1657 1982 pro
1699 1913 1928 1968 ‘umbris'
1979 1926 1982 1954 ῑ

232 1995 467 2056 rescripsi
492 1990 677 2043 ‘undis'
688 2015 699 2058 3
741 2011 840 2057 qua
864 1995 1208 2043 emendatione
1231 1996 1434 2056 recepta
1465 1996 1516 2042 et
1545 1993 1672 2041 illud
1713 1987 1928 2041 ‘anxius'
1972 1999 1982 2016 ·'

232 2069 411 2116 melius
450 2069 766 2131 intellegitur
812 2063 895 2135 (cf.
941 2086 990 2116 u.
1041 2071 1146 2118 300
1195 2063 1298 2116 ‘isse
1337 2068 1511 2129 procul
1563 2071 1743 2115 trunca
1794 2067 1929 2129 fugit

233 2143 407 2190 anxius
444 2135 622 2208 ‘alno')
685 2145 736 2190 et
797 2144 944 2204 aptus
997 2142 1061 2189 ad
1114 2142 1232 2189 Idae
1288 2141 1810 2189 commemorationem
1868 2140 1927 2188 fit

231 2216 492 2264 transitus.

380 2291 488 2337 414
529 2304 656 2349 pars
703 2293 746 2337 et
789 2291 1052 2349 frondosae
1111 2293 1287 2349 raptus
1335 2291 1635 2348 expresserat
1677 2288 1803 2336 Idae
1851 2289 1924 2335 in-

231 2363 519 2421 lustremque
555 2364 726 2423 fuyam
755 2365 915 2422 pueri.
963 2363 1044 2409 hic
1081 2362 1300 2423 primum
1333 2362 1514 2408 11001110
1555 2354 1726 2422 epars',
1766 2376 1920 2422 quan-

229 2439 338 2483 tum
377 2436 607 2498 equidem
642 2435 811 2498 uideo,
851 2435 1231 2497 explicationem
1268 2435 1423 2482 habet
1459 2434 1664 2481 nullam.
1718 2434 1921 2495 reposui
1977 2494 1982 2497 ν

170 2566 173 2567 ⁷
230 2503 463 2572 ‘contra'3
505 2525 604 2572 qua
640 2525 762 2557 uoce
800 2510 854 2556 in
893 2509 1139 2557 similibus
1180 2507 1599 2570 descriptionibus
1637 2507 1718 2555 usi
1741 2507 1918 2569 Vergi-

228 2583 326 2631 lius
380 2581 525 2644 [Aen.
580 2583 652 2630 VI
709 2581 801 2644 23]
859 2585 910 2631 et
957 2583 1066 2644 ipse
1120 2582 1355 2630 Valerius
1412 2579 1459 2642 [I
1511 2579 1656 2642 137}
1743 2580 1922 2628 deinde

229 2657 365 2705 uocis
405 2651 621 2719 ‘raptus'
662 2657 999 2718 corruptelam
1038 2657 1188 2704 euicit
1226 2653 1655 2718 Eyssenhardtius
1705 2651 1759 2715 [l.
1798 2654 1830 2701 1.
1868 2670 1916 2715 p.

233 2728 379 2792 385].
457 2731 545 2778 sed
598 2730 803 2792 propius
860 2730 925 2777 ad
976 2730 1175 2778 litteras
1229 2729 1444 2777 traditas
1501 2743 1651 2790 quam
1704 2728 1921 2791 Eyssen-

229 2803 552 2851 hardtianum
584 2798 783 2852 ‘saltus'
824 2803 1014 2851 accedit
1051 2803 1103 2851 id
1128 2803 1260 2865 quod
1297 2802 1420 2849 mihi
1450 2802 1503 2849 in
1541 2804 1760 2850 mentem
1780 2801 1921 2849 uenit

232 2871 478 2924 ‘tractus'.
