1982 3120
62 231 69 235 ψ
58 178 70 193 ,ι
67 108 77 145 ,,’

95 135 97 138 ·
82 28 108 74 ’κί

110 4 117 19 .,

622 490 1336 560 e.VALER1rLAcoi
1389 452 1392 454 ’

384 631 1557 727 ARGONAUTIOON

669 802 922 857 LIBER
960 800 1288 856 PRIMUS.

124 1074 291 1124 Prima
330 1075 479 1125 deum
517 1077 708 1140 magnis
748 1077 972 1125 canimus
1013 1074 1138 1123 freta
1178 1075 1352 1138 peruia
1392 1075 1519 1121 natis

127 1149 476 1214 fatidicamque
515 1156 696 1216 ratem,
739 1149 958 1215 Scythici
999 1163 1123 1212 quae
1164 1147 1388 1196 Phasidis
1430 1162 1542 1195 oras

126 1238 245 1272 ausa
285 1227 427 1288 sequi
465 1224 755 1288 mediosque
794 1225 927 1272 inter
966 1224 1080 1286 iuga
1120 1223 1315 1288 CQgQita
1348 1236 1526 1270 cursus

125 1311 382 1365 rumpere,
421 1297 712 1346 flammifero
752 1297 953 1347 tandem
994 1295 1220 1345 consedit
1260 1294 1481 1360 Olympo,

273 1371 495 1439 Phoebe,
534 1387 702 1438 mone,
743 1373 786 1421 si
825 1370 1065 1436 Cymaeae
1102 1369 1224 1419 mihi
1264 1372 1462 1431 conscia
1501 1371 1629 1419 uatis
1739 1360 1827 1421 5
1866 1365 1874 1408 ἶ

62 1457 67 1460 ’
122 1451 223 1494 stat
262 1452 396 1495 casta
434 1447 626 1510 cortina
665 1446 810 1495 domo
820 1485 834 1512 ,
876 1447 917 1494 si
956 1445 1124 1494 laurea
1164 1445 1310 1509 digna
1601 1466 1629 1499 (ς
1653 1466 1692 1489 m
1717 1471 1746 1528 ‘L'
1766 1466 1772 1490 .·
1812 1440 1825 1494 1
1903 1486 1906 1489 ,

123 1519 288 1569 fronte
329 1522 475 1570 uiret,
551 1527 707 1585 tuque
748 1536 799 1585 0,
838 1519 1000 1585 pelagi
1041 1520 1122 1568 cui
1160 1520 1318 1567 maior
1358 1519 1519 1582 aperti

123 1592 273 1660 fama,
315 1593 609 1643 Caledonius
646 1601 912 1659 postquam
951 1600 1037 1642 tua
1075 1592 1278 1642 carbasa
1317 1594 1455 1642 uexit

124 1682 339 1717 oceanus
379 1667 619 1733 Phrygios
658 1670 799 1733 prius
838 1667 1122 1732 indignatus
1162 1667 1310 1733 Iulos,
1780 1725 1783 1727 ,

123 1743 261 1807 eripe
301 1757 378 1791 me
419 1742 615 1808 populis
657 1749 706 1792 et
743 1741 948 1791 habenti
988 1741 1156 1790 nubila
1194 1748 1372 1807 terrae,
1771 1752 1826 1792 10

123 1822 291 1865 sancte
330 1823 493 1882 pater,
533 1823 864 1881 ueterumque
904 1817 1039 1882 fane,
1079 1816 1386 1881 uenerande,
1429 1816 1626 1864 canenti

124 1888 255 1939 facta·
290 1891 471 1939 uirum.
548 1905 747 1940 uersam
785 1890 952 1955 proles
992 1896 1076 1939 tua
1116 1890 1299 1955 pandet
1338 1889 1547 1938 Idumen

124 1956 363 2030 (namque
402 1959 616 2032 potest),
657 1964 854 2030 Solymo
895 1980 950 2014 ac
990 1966 1270 2029 nigrantem
1308 1963 1517 2029 puluere
1558 1963 1766 2013 fratrem

123 2045 540 2103 spargentemque
579 2039 712 2088 faces
745 2045 796 2088 et
833 2041 885 2087 in
926 2041 1061 2087 omni
1101 2045 1240 2087 turre
1281 2039 1545 2087 furentem.
1579 2089 1585 2098 ¹

122 2110 203 2160 ille
244 2110 334 2160 tibi
373 2112 638 2176 cultusque
677 2114 827 2162 deum
867 2112 1171 2176 delubraque
1214 2119 1415 2162 centum
1446 2099 1625 2179 §im-34
1770 2121 1827 2162 15

123 2186 373 2251 instituet,
415 2200 528 2234 cum
566 2188 686 2252 iam,
725 2187 945 2251 genitor,
984 2186 1175 2235 lucebis
1216 2186 1275 2234 ab
1317 2183 1483 2234 omni*

122 2265 262 2323 parte
302 2258 415 2323 poli.
494 2274 655 2324 neque
698 2261 830 2309 enim
869 2259 1037 2324 Tyriis
1073 2259 1326 2323 Cynosura
1367 2260 1548 2308 carinis

123 2334 309 2381 certior
340 2340 424 2382 aut
463 2333 604 2382 Grais
644 2332 812 2382 Helice
846 2333 1089 2382 seruanda
1130 2335 1393 2399 magistriS‚

123 2407 166 2454 si
205 2412 260 2455 tu
300 2408 437 2471 signa
479 2406 639 2473 dahis3
680 2408 766 2456 sed
806 2414 854 2456 te
895 2407 1022 2457 duce
1063 2407 1267 2457 Graecia
1306 2410 1471 2457 mittet

121 2486 173 2529 et
213 2479 365 2529 Sidon
405 2480 644 2545 Nilusque
683 2488 831 2531 rates.
907 2497 1041 2531 nunc
1080 2488 1253 2531 nostra
1293 2496 1502 2531 serenus
1769 2492 1830 2533 ‘20

122 2568 234 2603 orsa
275 2556 440 2622 iuues,
480 2554 602 2604 haec
641 2562 696 2605 ut
735 2555 898 2605 Latias
937 2572 1035 2605 uox
1075 2556 1276 2621 impleat
1314 2556 1480 2606 urbes,

273 2627 590 2678 Haemoniam
629 2632 803 2695 primis
842 2629 1001 2679 Pelias
1043 2630 1266 2679 frenabat
1307 2630 1366 2679 ah
1408 2632 1563 2695 anniS‚

123 2702 219 2750 iam
258 2705 424 2765 grauis
464 2710 513 2753 et
551 2703 727 2769 longus
767 2704 964 2769 populis
1003 2711 1188 2754 metus:
1227 2704 1360 2753 illius
1400 2719 1569 2753 amnes

123 2772 316 2824 Ionium
356 2778 656 2842 quicumque
696 2785 897 2845 petunt,
937 2777 1018 2827 ille
1060 2777 1252 2843 Othryn
1293 2785 1342 2827 et
1380 2778 1624 2827 Haemum

123 2848 283 2913 adque
325 2851 478 2899 imum
517 2850 633 2901 felix
671 2851 904 2902 uersabat
942 2868 1145 2902 uomere
1181 2852 1456 2917 Olympum.
1769 2863 1825 2904 25

123 2923 209 2972 sed
250 2939 348 2972 non
388 2923 486 2973 ulla
527 2927 667 2989 quies
706 2928 869 2976 animo
910 2927 1176 2992 fratrisque
1218 2929 1421 2992 pauenti

212 3014 298 3050 Val.
322 3016 494 3050 Flaccus.
1439 3018 1462 3057 1
