1982 3120
209 173 406 218 XXXIV
880 171 1239 216 PRAEFATIO

362 299 465 346 169
508 311 566 346 en
604 298 696 346 duc
736 297 936 359 scripsi:
977 299 1020 344 et
1055 311 1185 346 nune
1224 297 1362 345 codd.
1410 297 1470 345 cf.
1511 312 1583 345 ex.
1630 313 1706 361 gr.
1744 290 1922 347 Nazass

209 372 274 420 rii
319 386 501 434 paneg.
552 369 620 433 [p.
671 372 800 433 233,
841 372 871 418 3
914 370 988 418 ed.
1028 367 1191 430 meae]
1234 365 1439 419 ‘donum
1483 371 1645 420 noctis
1695 371 1904 421 duceres

209 439 362 508 quod'
402 460 505 507 eqs.

362 521 468 567 170
505 519 811 566 memorabile
847 518 1095 565 Bulaeus:
1134 518 1357 566 mirabile
1395 518 1534 566 codd.

362 592 464 641 175
506 592 653 651 fidem
690 591 952 639 Heinsius:
993 592 1118 640 diem
1156 590 1295 639 codd.

363 666 466 713 181
508 665 687 713 deseris
723 665 814 713 heu
843 665 1106 713 Heinsius:
1146 666 1306 714 desere
1343 679 1473 713 nunc
1509 665 1650 714 codd.

363 740 467 787 223
509 753 661 787 ausus
691 731 797 804 (uel
837 732 1042 804 ‘actus')
1083 739 1281 801 scripsi:
1323 739 1521 788 auditus
1556 738 1616 787 V.

374 813 478 861 227
519 814 740 861 remersit
789 812 988 875 scripsi:
1041 827 1262 862 remensa
1307 813 1368 861 V.
1446 807 1730 862 ‘remersat'
1775 812 1914 862 Mad-

218 887 405 950 uigius.
484 888 538 934 at
575 901 813 948 praesens
853 889 1052 949 tempus
1090 887 1285 934 nullum
1322 887 1402 934 hic
1440 887 1605 936 locum
1642 886 1810 935 habet.

366 961 471 1009 228
514 960 686 1025 malim
727 955 1080 1008 ‘Eumenidum
1119 955 1334 1009 chorus'.

363 1035 471 1083 230
510 1035 760 1093 uirmsque
797 1033 1056 1082 Heinsius:
1094 1036 1273 1083 uirtute
1309 1034 1370 1082 V.

367 1109 472 1156 233
507 1108 674 1168 placet
710 1111 851 1167 atque
887 1107 1290 1169 Peerlkampius:
1320 1109 1606 1168 placeatque
1643 1107 1704 1155 V.

366 1182 471 1230 278
507 1184 751 1242 prensant
788 1182 892 1229 cod.
932 1181 1230 1230 Burmanni:
1260 1185 1469 1243 prensat
1504 1180 1564 1229 V.

373 1256 479 1303 284
538 1270 610 1317 sq.
667 1258 710 1303 et
762 1256 976 1316 cuspidis
1028 1257 1151 1304 ictus
1202 1254 1457 1304 Aesoniae.
1531 1255 1605 1304 ita
1650 1255 1696 1302 V
1741 1254 1915 1303 tradit.

210 1329 298 1379 sed
336 1329 469 1378 enim
506 1329 672 1391 cuspis
710 1328 932 1377 Aesonia
975 1345 1077 1378 non
1120 1331 1291 1391 potest
1337 1329 1437 1378 aha
1483 1343 1593 1378 esse
1640 1344 1791 1391 quam
1846 1328 1911 1377 ab

209 1403 409 1452 Aesone
454 1402 673 1452 derecta.
750 1402 943 1452 accedit
981 1403 1045 1450 ad
1084 1404 1367 1466 augendam
1406 1402 1739 1466 suspicionem
1778 1401 1911 1465 quod

208 1477 414 1526 Valerio
469 1477 553 1524 hic
609 1491 804 1539 quoque
859 1477 1158 1526 obuersatus
1213 1480 1292 1527 est
1344 1477 1510 1540 Maro,
1571 1476 1705 1539 apud
1758 1491 1908 1539 quem

210 1548 333 1613 [VH
366 1548 496 1612 756]
539 1545 844 1599 ‘Dardaniae
882 1550 1123 1599 medicari
1161 1551 1381 1614 cuspidis
1420 1544 1570 1599 ictus'
1610 1553 1661 1599 et
1703 1547 1797 1612 [XI
1836 1551 1910 1599 40

210 1622 305 1687 sq.]
348 1619 551 1673 ‘uulnus
592 1624 809 1686 cuspidis
849 1619 1123 1673 Ausoniae'
1170 1626 1374 1688 legitur.
1450 1626 1620 1687 itaque
1667 1639 1780 1672 cum
1827 1625 1909 1671 sat

209 1698 334 1746 mihi
371 1700 568 1747 constet
612 1698 878 1745 librarium
924 1699 1188 1762 archetypi
1241 1698 1509 1761 aliquando
1558 1690 1904 1746 ‘Haemonius'

210 1775 261 1821 et
323 1766 611 1821 ‘Aesonius'
674 1774 994 1833 permutasse
1065 1766 1226 1837 (cuius
1287 1773 1362 1821 rei
1423 1772 1706 1834 exemplum
1766 1773 1911 1820 extra.

210 1845 577 1894 dubitationom
615 1845 838 1907 positum
874 1846 1084 1907 praebet
1114 1845 1211 1894 VII
1246 1840 1353 1911 17),
1392 1845 1627 1907 rescripsi
1666 1839 1906 1907 ‘cuspidis

207 1920 336 1968 ictus
377 1913 718 1967 Haemoniae'.

362 1995 466 2041 222
507 1994 666 2041 iubar.
705 1993 797 2040 heu
835 1992 1005 2041 Thilo:
1043 1995 1267 2043 amarint
1304 1993 1363 2041 V.

361 2067 466 2115 295
509 2067 680 2114 talisne
717 2065 977 2114 Heinsius:
1019 2068 1192 2115 talisne
1228 2066 1288 2114 V.

360 2142 465 2189 298
511 2141 569 2188 a!
608 2140 769 2188 malus
807 2139 998 2188 addidi:
1039 2157 1134 2189 om.
1174 2140 1234 2188 V.

361 2215 465 2263 328
510 2208 659 2275 ‘quin
712 2216 764 2261 te
819 2208 1078 2263 thalamis'
1127 2213 1451 2262 Schenkelius
1508 2212 1730 2262 coniecit.
1815 2211 1907 2261 sed

208 2287 469 2350 facillime,
508 2287 561 2334 ni
597 2287 770 2349 fallor,
812 2302 870 2334 ex
908 2304 956 2335 u.
999 2289 1102 2337 327
1146 2288 1410 2351 suppletur
1447 2287 1575 2335 iHud
1613 2281 1718 2336 (ω’.

360 2362 467 2410 335
498 2362 799 2420 pecudesque
835 2360 1184 2411 Loehbachius
1226 2360 1300 2423 [II
1337 2378 1384 2423 p.
1427 2358 1505 2422 8]:
1572 2361 1906 2421 pecudumque

209 2434 254 2480 V
294 2450 354 2482 ex
391 2433 720 2496 praecedente
761 2427 1092 2496 ‘canumque'.

359 2510 465 2557 336
505 2509 754 2567 funereae:
801 2508 897 2567 fert
935 2500 1045 2572 (uel
1070 2502 1221 2572 ‘dat')
1261 2508 1459 2570 scripsi:
1499 2509 1818 2568 fwnereaeque
1841 2507 1905 2558 V.

360 2584 464 2631 346
496 2583 697 2641 parenti
734 2580 1042 2643 Maduigius:
1073 2584 1297 2642 parentis
1333 2580 1393 2628 V.

360 2657 465 2705 355
505 2654 710 2715 repellat
747 2654 943 2716 scripsi:
982 2657 1172 2716 refellat
1208 2655 1267 2703 V.

361 2731 465 2779 389
508 2730 613 2778 suis
650 2728 1051 2790 Peerlkampius:
1091 2744 1204 2778 suos
1242 2729 1300 2778 V.

360 2806 465 2852 392
506 2801 679 2850 malim
718 2796 840 2851 ‘fors
881 2798 1094 2852 scaeua'.

359 2879 425 2925 41
438 2880 464 2924 1
508 2877 776 2926 accenderit
803 2875 1143 2925 Burmannus:
1184 2878 1448 2926 ascenderit
1485 2876 1547 2924 V.

359 2952 465 2998 412
508 2950 676 2998 adhibe
713 2950 766 2995 M
805 2964 833 2996 a
871 2966 935 2998 m.
977 2967 1092 3000 sea:
1141 2951 1363 3000 adhibere
1400 2950 1460 2998 V.
1536 2949 1662 2998 illud
1699 2948 1896 2998 omnino
1967 2946 1982 2975 ’-
