1982 3120
752 87 836 131 AD
870 86 980 131 LIB.
1014 87 1048 131 Ι.
1610 85 1740 130 XVII

49 214 259 262 uulnere
304 211 542 260 laborans
592 226 657 258 an
693 227 815 260 uero
853 210 1160 260 temulentus
1207 209 1390 273 parieti
1438 225 1490 259 se
1530 210 1737 259 acclina-

42 287 180 336 uerit
215 301 315 334 non
355 284 637 333 accuratius
676 285 948 333 enarrauit.

12 398 17 399 γ
196 361 297 407 149
350 359 466 407 haec
518 373 813 418 quamquam
878 358 1108 406 miranda
1160 358 1287 406 uiris
1341 360 1499 419 stupet
1548 355 1738 406 Aescme

41 438 202 483 natus.
292 433 489 480 frustra
548 433 672 480 haec
731 433 890 480 uerba
951 431 1175 480 defendit
1236 430 1383 479 Thilo
1450 428 1630 493 [praef.
1691 448 1739 493 p.

41 506 263 555 XXXIII
264 505 301 568 j.
347 521 465 553 nam
503 505 636 568 quod
675 505 912 568 stupendi
949 506 1105 554 uerbo
1142 505 1398 553 notionem
1438 499 1740 554 ‘adtonitum

47 575 179 630 esse'
234 579 440 627 subesse
494 579 638 641 dicit,
694 579 881 627 oblitus
936 581 1015 627 est
1067 579 1260 626 Valerii
1319 594 1468 627 usum
1530 578 1740 627 dicendi.

48 655 133 716 qui
189 648 414 715 ‘stupere
470 647 554 701 ad'
601 653 687 701 uel
741 647 892 715 ‘stup.
942 646 1014 701 in'
1069 652 1195 700 dixit
1248 651 1313 700 ad
1367 653 1741 714 exprimendam

41 743 156 776 eam
208 742 359 789 quam
413 726 560 775 Thilo
615 725 663 773 h.
717 726 752 773 l.
808 726 1019 789 agnouit
1078 726 1336 775 notionem
1391 723 1474 786 [cf.
1528 725 1554 773 Ι
1611 727 1739 788 262;

43 801 118 849 IV
161 803 294 862 7123
339 800 386 846 V
440 797 596 862 375]3
654 795 878 866 ‘stupere
932 794 1142 862 aliquid'
1196 799 1325 847 nihil
1377 800 1478 848 nisi
1525 794 1743 865 ‘mirari'A

45 874 311 937 significat.
404 873 524 935 quid
579 875 749 921 autem
801 877 908 922 tam
962 874 1127 922 dirum
1187 874 1277 921 ffla
1337 874 1481 922 nauis
1542 874 1742 935 pictura

42 948 221 997 habuit
265 950 323 995 ut
371 947 444 995 eis
483 947 742 995 adtonitus
781 947 1078 996 redderetur
1123 947 1307 996 Iason?
1352 947 1525 1009 itaque
1571 947 1740 997 nullus

0 1076 2 1078 ,
42 1022 222 1070 dubito
277 1021 399 1084 quin
450 1021 648 1070 librarii
694 1021 899 1070 offucias
953 1021 1166 1070 fecerint
1219 1023 1413 1083 poetae.
1500 1021 1586 1082 qui
1640 1036 1742 1070 non

44 1096 212 1158 potuit
233 1095 332 1144 nisi
370 1095 493 1143 haec
529 1095 636 1143 fere
675 1094 916 1143 seribere:
956 1095 1181 1156 picturas
1214 1094 1329 1142 illas
1362 1094 1482 1142 licet
1512 1095 1741 1155 pulcher-

44 1169 198 1217 rimas
237 1169 370 1216 nihil
402 1169 550 1231 plane
589 1183 792 1216 curasse
823 1168 1058 1218 Iasonem
1093 1170 1272 1230 utpote
1311 1168 1445 1216 euris
1484 1168 1741 1216 iactatum.

43 1242 308 1297 emendaui
360 1243 531 1305 itaque
580 1236 722 1291 ‘haec
768 1257 1072 1305 quamquam
1124 1242 1355 1290 miranda
1403 1242 1531 1289 nihil
1569 1243 1744 1304 stupet

27 1316 244 1365 Aesone
280 1311 466 1365 natus'.

194 1391 296 1438 152
337 1405 458 1450 num
495 1388 794 1439 Sabellicus:
835 1384 1004 1438 ‘nunc’
1045 1389 1103 1438 V.

196 1466 299 1512 156
339 1466 543 1513 metanti
581 1464 778 1526 scripsi:
818 1465 1012 1512 conamti
1048 1463 1110 1512 V.

194 1539 299 1586 174
337 1552 423 1586 nec
450 1552 637 1598 passus
672 1551 759 1586 rea:
786 1538 943 1597 plwra
978 1539 1158 1586 uirum.
1238 1532 1334 1585 ‘sat
1375 1538 1531 1585 multa
1558 1542 1743 1597 parato

17 1627 144 1674 ·eqs.
220 1626 320 1659 non
365 1613 536 1673 potest
574 1610 842 1659 absurdius
888 1611 1014 1673 fingi
1058 1611 1146 1658 illo
1197 1604 1297 1659 ‘sat
1343 1604 1540 1659 multa'.
1615 1626 1734 1659 nam

19 1688 132 1734 ·aut
169 1700 270 1733 una
307 1687 446 1733 certa
482 1700 564 1733 res
603 1686 692 1733 aut
730 1684 897 1733 omnia
940 1684 996 1733 in
1031 1684 1411 1747 nauigationem
1454 1685 1742 1734 necessaria

21 1762 102 1808 1ut
153 1761 455 1821 pararentur
509 1758 678 1820 potuit
728 1758 903 1806 iubere
955 1758 1190 1808 Acastus.
1275 1760 1328 1807 et
1380 1760 1439 1806 ut
1491 1759 1739 1807 traditum

46 1826 244 1881 ‘multa'
291 1848 382 1894 per
437 1847 490 1880 se
527 1831 972 1895 languidissimum
1011 1834 1113 1895 est,
1160 1833 1234 1880 ita
1281 1832 1452 1880 addito
1490 1831 1580 1881 ino
1622 1826 1740 1880 ‘sat'

49 1906 197 1969 plane
250 1906 309 1954 fit
367 1906 701 1954 intolerabile.
794 1921 907 1954 cum
969 1905 1016 1953 V
1075 1907 1248 1955 tradat
1312 1900 1472 1969 ‘stat'‚
1535 1906 1740 1954 Valerio

23 1980 241 2028 *reddidi
280 1974 532 2043 mirumst,
572 1973 661 2028 at'.
738 1979 916 2027 deinde
964 1996 1057 2042 pro
1098 1974 1298 2028 ‘multa'
1345 1980 1396 2027 id
1451 1979 1585 2042 quod
1633 1995 1741 2028 sen-

43 2055 206 2103 tentia
243 2053 444 2116 flagitat
483 2048 699 2102 ‘cuncta’
738 2053 953 2116 reposui.

198 2128 301 2174 183
342 2129 545 2187 rapidos
584 2127 782 2188 scripsi:
821 2128 994 2175 auidos
1031 2127 1077 2172 V
1117 2127 1299 2188 inepte.

199 2201 302 2248 199
345 2204 457 2248 auet
493 2199 647 2249 codex
683 2199 930 2248 Harlesii:
971 2204 1131 2248 tamen
1179 2200 1232 2248 V.

196 2274 303 2321 v206
347 2275 553 2322 escendit
587 2273 847 2322 Heinsius:
888 2275 1130 2323 aescendit
1166 2273 1227 2321 V.

0 2372 3 2384 ι
198 2348 301 2395 213
359 2348 517 2396 sedem
569 2347 767 2409 scripsi:
830 2348 978 2409 leyem
1031 2348 1078 2394 V
1138 2347 1293 2395 nimia
1346 2346 1623 2410 breuitate3
1679 2348 1739 2395 cf.

196 2495 302 2543 223
344 2509 481 2554 quem
519 2496 702 2544 circum
736 2495 921 2543 uellera
950 2496 1168 2543 Martem
1206 2497 1423 2557 aspicio?
1460 2495 1740 2543 rectissimo

0 2589 4 2617 ι
48 2583 172 2616 usus
209 2568 391 2616 iudicio
431 2569 554 2616 haee
591 2569 645 2616 in
683 2568 1021 2631 suspicionem
1043 2569 1247 2617 uocauit
1284 2569 1579 2632 Meynckius
1623 2566 1670 2629 [Ι
1694 2585 1740 2630 p.

0 2631 6 2666 ²
50 2642 119 2689 33
162 2639 274 2703 sq.].
320 2643 460 2690 cuius
485 2645 786 2706 argumenta
822 2658 923 2691 non
961 2643 1106 2691 credo
1145 2642 1254 2691 fore
1292 2644 1352 2690 ut
1390 2642 1502 2705 qui‘s
1526 2641 1741 2690 refellat.

0 2716 8 2752 Ι
39 2714 275 2763 *eiusdem
312 2718 481 2763 tamen
519 2716 857 2766 coniecturam
904 2716 1023 2765 lieet
1060 2717 1376 2779 ingeniosam
1415 2711 1567 2778 ‘quod
1612 2716 1743 2764 circa

0 2790 9 2824 Β
52 2788 242 2836 uellera
280 2784 579 2838 monstrum'
625 2805 726 2840 non
770 2806 978 2853 possum
1025 2791 1241 2853 probare
1286 2793 1556 2852 propterea
1594 2790 1741 2853 quod,

0 2864 12 2908 ,ί
53 2874 163 2911 cum
200 2862 393 2911 Iasonis
432 2862 485 2910 in
522 2862 836 2926 impetrando
876 2863 1062 2912 uellere
1102 2865 1246 2912 labor
1271 2866 1406 2912 esset
1428 2865 1534 2912 fere
1558 2865 1742 2925 nullm,

140 2952 225 2984 Vel.
247 2953 420 2986 Flac-out.
1356 2946 1386 2989 b
