1982 3120
197 120 238 162 X
862 121 1219 166 PRAEFATIO.

194 246 343 293 etiam
384 243 537 292 codex
577 243 848 310 Carrionis,
889 244 948 294 de
990 261 1087 310 quo
1135 246 1254 295 mihi
1301 249 1471 311 paucis
1511 247 1755 312 agendum
1795 256 1886 298 est.

195 319 247 366 in
287 316 465 366 Valerii
514 320 645 367 enim
685 318 900 368 editione
952 335 991 368 a.
1036 316 1178 369 1565
1224 321 1535 386 Antuerpiae
1572 323 1751 371 emissa
1789 321 1884 372 Lu-

197 391 406 440 douicus
463 390 633 441 Carrio
685 392 854 441 codice
919 393 1130 457 quodam
1191 393 1388 458 Belgico
1449 401 1562 444 ante
1627 399 1888 445 sexcentos

196 480 350 514 annos
406 466 603 515 exarato
654 481 706 514 se
760 481 908 515 usum
956 482 1065 514 csse
1121 467 1385 516 affirmauit
1437 469 1774 533 plurimasque
1829 484 1891 518 ex

196 555 254 587 eo
309 539 548 588 lectiones
603 542 653 587 in
708 539 927 588 medium
979 539 1202 604 protulit,
1297 556 1418 604 quas
1478 541 1718 591 lectiones
1774 557 1889 593 cum

195 627 340 677 saepe
382 612 744 661 emendatiores
785 615 856 662 eis
897 629 1018 677 quas
1058 613 1320 663 Vaticanus
1358 614 1563 679 praebet
1600 631 1710 664 esse
1750 615 1887 664 uide-

196 692 322 752 rent,
339 685 467 734 haud
486 689 632 751 pauci
648 688 746 735 uiri
763 686 895 735 docti
914 686 1164 736 Carrionis
1181 687 1364 736 librum
1381 690 1561 737 summi
1579 704 1687 738 esse
1706 690 1887 738 facien·

194 760 313 808 dum
353 767 673 809 censuerunt.
721 762 862 810 cuius
888 762 1133 825 opinionis
1159 763 1430 811 acerrimus
1469 777 1632 827 nuper
1658 761 1890 811 defensor

195 835 357 883 extitit
382 833 633 883 Gustauus
658 833 910 900 Meyncke,
951 837 1049 898 qui-
1075 837 1124 883 in
1151 837 1496 898 quaestionum
1520 834 1890 885 Valerianarum

193 913 332 971 parte
356 909 523 972 priore
550 907 609 956 de
634 908 726 956 hac
751 923 805 956 re
832 924 948 957 sanc
975 915 1024 957 et
1048 908 1422 973 diligentissime
1447 915 1497 958 et
1520 911 1889 959 accuratissime

194 981 445 1030 disseruit.
525 988 573 1030 et
622 989 727 1030 erat
774 997 887 1031 cum
935 982 1081 1031 huius
1130 982 1398 1047 disputatio
1437 983 1558 1031 mihi
1596 985 1889 1048 imponeret.

196 1054 281 1103 sed
346 1057 477 1104 enim
548 1057 731 1104 iterum
802 1058 1084 1120 iterumque
1149 1058 1435 1106 examinatis
1505 1056 1712 1121 singulis
1773 1056 1890 1107 libri

192 1128 379 1193 Belgici
420 1130 684 1193 scripturis
723 1129 782 1178 ad
809 1132 1104 1179 sententiam
1142 1130 1286 1194 plane
1328 1132 1627 1180 contrariam
1665 1132 1889 1195 perueni.

196 1218 307 1250 nam
346 1218 530 1267 paucae
572 1219 694 1267 quas
734 1203 883 1252 habet
921 1203 1000 1252 illc
1034 1203 1190 1252 honae
1231 1203 1470 1252 lectiones
1509 1205 1576 1253 ita
1617 1210 1735 1253 sunt
1758 1218 1889 1253 com·

195 1283 390 1340 paratae
432 1283 488 1325 ut
527 1276 754 1325 facillima
797 1279 1081 1326 coniectura
1131 1293 1190 1326 ex
1230 1280 1337 1341 ipso
1379 1277 1416 1323 V
1463 1277 1574 1326 elici
1621 1279 1890 1342 potuerint.

196 1350 271 1399 his
343 1357 508 1399 autem
577 1353 747 1415 paucis
810 1350 953 1400 bonis
1028 1353 1290 1415 scripturis
1362 1351 1524 1400 obstat
1590 1366 1890 1416 permagnus

194 1439 434 1474 numerus
475 1423 745 1473 lectionum
769 1427 1098 1489 pessimarum
1133 1440 1358 1489 quaeque
1399 1427 1509 1474 ueri
1550 1423 1889 1475 tantummodo

195 1500 358 1562 specie
408 1498 616 1563 quadam
656 1498 838 1547 fallant.
907 1499 1200 1563 plerumque
1243 1500 1373 1547 enim
1415 1500 1705 1549 certissimis
1745 1513 1887 1563 argu·

194 1575 375 1621 mentis
451 1573 858 1636 interpolatorem
933 1574 1246 1637 agnoscimus
1325 1575 1409 1636 qui
1494 1571 1713 1622 Vaticani
1789 1576 1888 1621 me-

196 1649 400 1696 moriam
462 1647 779 1712 deprauatam
843 1654 1113 1711 utcumque
1183 1647 1446 1696 emendare
1508 1646 1770 1695 studuerit}
1838 1648 1890 1694 in

196 1737 292 1786 quo
350 1720 641 1769 emendandi
698 1723 917 1786 negotiQ
974 1723 1067 1769 etsi
1130 1720 1381 1769 interdum
1437 1719 1670 1787 feliciter,
1733 1719 1888 1769 multo

196 1803 358 1844 tamen
399 1796 598 1859 saepius
647 1797 837 1843 auersis
876 1794 1031 1843 Musis
1077 1801 1307 1844 uersatus
1355 1801 1432 1843 est
1479 1800 1733 1843 corrector
1780 1795 1890 1859 iste,

194 1871 315 1934 quin
355 1869 484 1918 haud
524 1884 637 1917 raro
676 1869 782 1920 loca
823 1870 1079 1917 sanissima
1118 1884 1272 1932 praue
1313 1868 1649 1933 adtemptauit.
1710 1867 1890 1916 horum

194 1943 382 2006 aliquot
431 1942 719 2007 Meynckius
765 1943 794 1991 l.
835 1942 863 1992 l.
912 1959 957 2007 p.
1007 1940 1038 1991 8
1088 1944 1380 2007 composuit.
1458 1943 1543 2006 qui
1595 1957 1710 1991 cum
1759 1939 1889 2006 inde,

195 2016 328 2080 quod
377 2017 454 2064 his
502 2016 622 2065 locis
663 2016 956 2065 emendandi
1003 2015 1134 2065 nulla
1175 2022 1435 2081 appareret
1475 2030 1644 2081 causa,
1691 2013 1888 2063 conclu-

196 2091 335 2139 deret
377 2089 627 2138 Carrionis
654 2089 875 2139 codicem
901 2105 1045 2154 saepe
1072 2091 1344 2154 scripturas
1383 2088 1622 2153 praebere
1662 2089 1888 2153 proprias

196 2179 357 2228 neque
398 2180 424 2212 e
465 2163 697 2213 Vaticano
736 2164 1026 2230 pendenteS,
1066 2163 1247 2213 oblitus
1296 2169 1372 2212 est
1411 2177 1559 2227 quam
1598 2177 1743 2227 saepe
1784 2176 1888 2211 sae-

197 2237 296 2287 culi
342 2237 426 2285 XV
473 2238 605 2286 docti
654 2238 763 2286 Itali
810 2252 945 2286 mera
993 2237 1301 2286 coniectandi
1347 2235 1550 2285 libidine
1599 2237 1696 2285 acti
1738 2233 1891 2284 uerba

195 2311 372 2360 tradita
411 2313 786 2360 immutauerint
823 2313 1119 2360 necessitate
1161 2316 1368 2375 cogente
1407 2309 1554 2358 nulla.
1632 2311 1774 2358 cuius
1813 2309 1888 2356 rei

195 2387 399 2434 Unicum
460 2386 710 2449 proferam
773 2384 1073 2450 exemplum,
1143 2384 1562 2448 Panegyricorum
1621 2382 1888 2432 latinorum

196 2458 418 2507 codicem
457 2458 744 2508 Vaticanum
789 2455 944 2507 1775.
993 2460 1136 2506 cuius
1176 2464 1431 2506 corrector
1469 2463 1526 2506 ut
1563 2456 1694 2506 haud
1732 2469 1890 2522 pauca

194 2532 511 2581 librariorum
573 2534 694 2582 uitia
758 2534 954 2596 egregie
1019 2531 1335 2598 emaculauit,
1403 2533 1470 2579 ita
1539 2537 1590 2579 et
1647 2530 1886 2594 plurimas

194 2605 505 2671 corruptelas
560 2608 773 2670 pessime
828 2608 1090 2670 temptauit
1136 2612 1186 2654 et
1246 2604 1376 2653 haud
1438 2619 1550 2652 raro
1614 2605 1887 2668 scripturas

197 2679 318 2727 nulli
366 2681 638 2744 suspicioni
686 2679 858 2728 obuias
906 2679 1265 2728 uiolentissime
1319 2679 1544 2726 mutauit.
1631 2682 1681 2725 et
1717 2675 1885 2724 hercle

197 2752 319 2801 tales
344 2755 656 2802 coniecturas
696 2769 722 2801 e
763 2768 899 2801 mera
938 2752 1159 2800 mutandi
1198 2752 1454 2816 prurigine
1495 2755 1634 2798 natas
1674 2751 1725 2798 in
1766 2764 1885 2813 quo-

194 2828 273 2874 uis
336 2826 439 2874 fere
503 2827 686 2877 saeculi
754 2825 838 2874 XV
893 2825 1059 2874 codice
1130 2823 1502 2889 deprehendere
1565 2823 1695 2872 licet.
1786 2837 1886 2871 non

195 2915 399 2964 possum
439 2907 605 2949 autem
646 2899 880 2948 accedere
916 2899 1079 2963 Ieepio
1125 2898 1327 2962 aliisque
1370 2899 1470 2963 qui,
1511 2912 1623 2946 cum
1657 2901 1888 2960 excerpta
