1982 3120
729 165 814 209 AD
847 165 958 210 LIB.
991 166 1047 209 H.
1549 164 1723 209 XXVII

20 285 53 344 Δἦ
76 292 268 340 nnulla
311 307 403 354 pro
452 285 586 339 ‘reti'
637 290 873 338 exhibent
913 284 1101 338 ‘tereti'
1140 289 1344 337 restitui
1391 284 1500 336 enec
1537 283 1723 336 tereti'.

21 359 30 402 Ῑ
58 390 77 409 τι
104 388 128 408 u
154 386 181 408 u
195 381 345 427 opere
391 366 562 413 autem
615 364 824 425 gauisus
879 379 992 411 sum
1037 377 1149 410 cum
1201 363 1293 410 has
1349 362 1722 411 emendationes

24 438 354 498 “”..’1’3,οΐ,38
401 437 721 487 confirmatas
758 437 985 485 uiderem
1029 437 1137 485 loco
1187 436 1415 484 Statiano
1458 433 1638 498 [Theb.
1675 435 1724 482 V

49 507 125 575 Ψ]
181 514 354 574 aperte
408 527 509 560 non
562 512 669 560 sine
723 510 1069 559 recordatione
1122 509 1316 558 Valerii
1371 510 1581 593 scripto,
1634 509 1724 557 ubi

18 573 197 644 Uenus
236 586 290 632 in
325 585 549 634 Lemnon
587 585 890 668 descendens
931 579 1041 631 nec
1078 585 1226 632 uultu
1263 598 1354 631 nec
1392 584 1527 632 crine
1565 577 1723 645 prior'

30 655 182 713 indit.

22 720 66 787 ³
177 735 280 782 107
322 747 413 793 quo
450 734 793 780 Burmannus:
831 733 914 791 qui
951 731 1012 779 V.

23 817 67 870 ]-.
182 810 286 854 111
327 808 402 855 his
451 799 582 872 (scil.
629 798 865 872 nuribus)
923 805 1123 867 scripsi:
1174 808 1218 852 et
1261 805 1322 852 V.
1386 799 1469 852 ‘en
1505 804 1726 851 barbara

23 881 187 938 uestis
227 882 279 928 et
314 882 535 942 torqueS,
574 880 772 942 insigne
811 872 970 927 ducis'
1009 878 1303 941 Meynckius
1345 875 1392 939 [I
1429 895 1477 940 p.
1518 875 1629 939 37].
1653 903 1726 911 —-

32 954 164 1019 quod
201 953 436 1003 Valerius
482 956 688 1016 torques
733 955 884 1001 uocat
923 947 1140 1015 ‘insigne
1186 946 1318 1015 loci'‚
1362 951 1489 999 mihi
1529 966 1726 1012 semper

34 1027 262 1077 adhiberi
298 1043 446 1089 posse
486 1029 565 1076 est
601 1027 770 1075 uisum
809 1026 873 1074 ad
911 1026 1276 1074 emendandum
1312 1025 1582 1073 Horatium
1624 1023 1725 1085 [od.

28 1101 107 1150 111
158 1098 366 1163 6.12]·
431 1095 502 1148 eet
558 1101 799 1149 adiecisse
853 1100 1095 1162 praedam
1146 1099 1411 1161 torquibus
1473 1098 1724 1160 indigenis

29 1169 259 1223 renidet'.
296 1190 415 1223 nam
451 1175 505 1222 id
543 1174 745 1237 quidem
782 1173 987 1236 egregie
1013 1174 1170 1223 sensit
1193 1172 1585 1255 Peerlkampius
1602 1187 1725 1262 per-

27 1242 322 1310 languidam
359 1264 470 1296 esse
506 1248 751 1296 traditam
787 1248 1055 1296 lectionem
1094 1242 1378 1308 ‘torquibus
1420 1239 1651 1308 exiguis'.

178 1324 280 1369 121
324 1325 572 1382 augentem
611 1321 814 1383 scripsi.
855 1322 1108 1369 audentem
1146 1320 1206 1368 V.
1285 1313 1548 1367 ‘auditam'
1575 1319 1723 1367 Thilo

23 1395 250 1444 coniecit.

180 1471 283 1518 133
323 1471 527 1518 rabidas
564 1468 918 1517 Bononiensis:
960 1469 1163 1528 rapidas
1201 1467 1260 1515 V.

180 1544 284 1591 136
326 1544 392 1591 ad
431 1542 661 1591 Carrion:
701 1557 759 1590 ac
795 1542 857 1590 V.

181 1618 284 1664 146
325 1617 605 1665 stimulatur
644 1615 843 1677 scripsi:
882 1615 1158 1675 famulatur
1202 1614 1261 1662 V.

181 1692 281 1738 151
326 1691 441 1738 aliis
476 1690 737 1738 Heinsius:
777 1690 898 1738 tales
934 1687 1002 1751 V3
1051 1689 1111 1736 cf.
1151 1688 1447 1751 Meynckius
1487 1687 1511 1734 Ι
1550 1705 1597 1748 Ρ.
1640 1689 1726 1736 32.

181 1765 287 1812 160
326 1765 521 1824 derepta
558 1763 797 1811 Vossius:
837 1764 1019 1811 directa
1056 1761 1118 1810 V.

185 1838 287 1884 181
330 1838 588 1898 aufuyiens
626 1836 825 1898 scripsi:
866 1839 953 1885 aut
989 1837 1182 1897 fuyiens
1218 1836 1279 1884 V.

185 1912 285 1959 191
328 1912 612 1971 fumestaque
657 1909 1005 1958 Schenkelius:
1057 1911 1326 1970 festmaque
1363 1910 1424 1957 V.
1503 1903 1727 1957 einfesta-

32 1978 146 2047 que'
185 1984 512 2033 Marklandus
526 2023 539 2047 ‚
578 1983 908 2046 Schraderus,
948 1983 1050 2031 alii.

180 2060 283 2106 201
317 2059 499 2119 pulsus
534 2058 938 2120 Peerlkampius:
967 2059 1168 2118 primus
1205 2058 1266 2105 V.

180 2133 285 2179 202
317 2135 470 2192 pauet
504 2131 760 2194 Hauptius
801 2129 995 2192 [Herm.
1033 2131 1161 2178 VIII
1198 2148 1245 2192 p.
1290 2129 1443 2191 180]:
1474 2129 1628 2190 palus
1667 2130 1727 2177 V.

182 2206 287 2252 207
328 2205 502 2252 malim
540 2199 617 2252 ‘ut
654 2205 819 2266 prima
855 2198 1047 2252 boatu'.

182 2279 286 2326 213
329 2279 615 2338 adrectaque
661 2292 796 2326 coma
843 2277 1041 2339 scripsi:
1098 2278 1410 2336 adrectasque
1458 2291 1623 2325 comas
1662 2275 1723 2323 V.

27 2345 367 2414 ·‘adrectisque
408 2346 580 2400 comis'
619 2351 1015 2413 Peerlkampius.

182 2425 287 2473 215
330 2428 374 2473 et
410 2426 744 2474 motantibus
779 2426 967 2473 ‘muemt
1005 2439 1150 2473 emes.
1205 2440 1303 2472 uox
1342 2418 1574 2472 ‘inuenit’
1616 2439 1730 2472 cum

35 2500 207 2561 aperte
245 2499 391 2546 11111111
438 2499 525 2559 sit,
570 2498 808 2547 Heinsius
857 2493 1083 2561 ‘ingerit'
1130 2498 1370 2560 reposuit.
1448 2498 1536 2546 sed
1581 2497 1729 2544 nimis

34 2571 128 2620 hoc
167 2572 461 2635 ambiguum
500 2575 599 2634 est3
639 2573 699 2621 cf.
738 2572 814 2620 VI
852 2573 975 2621 230.
1051 2572 1222 2634 itaque
1261 2587 1588 2634 reposueram
1637 2565 1729 2621 ‘in-

34 2645 158 2693 serit
207 2640 395 2694 ensem'
443 2649 652 2709 propter
697 2648 927 2708 apertam
973 2645 1124 2694 Statii
1182 2645 1517 2694 imitationem
1530 2683 1542 2707 ,
1598 2643 1730 2706 apud

35 2734 184 2781 quem
231 2716 411 2779 [Theb.
458 2720 505 2767 V
545 2718 678 2781 230]
725 2720 779 2768 in
825 2719 1001 2767 eadem
1045 2719 1260 2767 historia
1298 2719 1469 2766 Venus
1511 2713 1732 2765 ‘adstitit

35 2791 348 2854 impellitque
393 2793 542 2842 minis
588 2795 740 2856 atque
777 2794 957 2841 inserit
1001 2787 1205 2854 ensem',
1253 2807 1366 2839 cum
1413 2808 1472 2839 ex
1509 2791 1733 2839 Harlesii

36 2865 360 2914 adnotatione
386 2865 628 2914 discerem
651 2867 724 2915 ita
761 2867 864 2914 iam
902 2866 1163 2914 Herelium
1205 2863 1373 2935 [epist.
1413 2865 1521 2913 crit.
1561 2881 1607 2926 p.
1635 2862 1728 2926 69]

37 2952 322 2987 comeclsse.
