1982 3120
749 9 764 60 ζ’
775 45 860 88 ΑΒ
892 45 1003 89 LIB.
1028 46 1063 89 Ι.
1692 48 1780 91 XV

86 175 155 221 20
203 165 395 233 ‘silua'3
445 172 548 219 269
604 164 865 232 ‘trepida’3
917 172 1019 219 702
1069 164 1495 232 ‘primis—oris'.
1574 171 1619 218 V
1668 174 1771 220 411

81 239 450 307 ‘infrangitur'3
489 246 598 293 470
639 238 916 306 emoranti'3
992 243 1091 292 VII
1134 246 1236 293 102
1281 240 1487 311 ‘infida'‚
1527 246 1640 294 alia.

231 321 298 367 63
345 322 388 366 et
424 319 573 366 dabat
611 321 802 366 externo
841 319 1042 367 liuentia
1079 319 1224 367 mella
1260 333 1455 367 ueneno.
1535 320 1778 382 quidquid

80 394 252 446 dicunt
289 391 536 454 nonnulli,
580 394 816 453 corrupta
855 395 933 440 est
971 409 1068 441 uox
1109 387 1368 441 ‘externo'.
1423 393 1566 442 lubet
1606 398 1778 442 autem

79 467 161 514 hic
206 468 383 514 notare
429 465 646 514 hominis
694 466 953 513 cuiusdam
999 467 1306 529 imperitiam
1362 468 1511 515 simul
1558 470 1609 515 et
1663 483 1779 515 con-

78 540 296 589 iectandi
348 540 702 588 temeritatem.
794 554 955 601 nuper
1010 541 1142 588 enim
1198 540 1456 589 Gustauus
1513 541 1775 590 Hartelius

82 612 157 675 [in
206 629 319 661 ann.
375 629 604 675 gymnas.
658 613 912 661 Austriac.
971 615 1112 662 1873
1177 632 1224 676 p.
1284 613 1411 676 144]
1470 615 1776 672 confidenter

81 682 160 736 ‘ex
203 690 338 736 tetro
386 682 600 734 ueneno'
646 687 991 748 reponendum
1030 688 1115 735 ait.
1193 689 1431 735 nimirum
1471 691 1522 737 et
1563 705 1591 737 a
1630 705 1776 737 uoca-

77 762 197 812 bulo
244 754 445 808 ‘taeter'
477 762 534 807 ut
573 761 818 822 optimum
865 778 1109 824 quemque
1156 765 1358 823 poetam
1403 763 1478 811 ita
1516 763 1777 811 Valerium

78 834 383 883 abstinuisse
431 837 481 882 et
531 834 676 882 illum
721 835 1108 897 praepositionis
1166 831 1263 884 ‘ex'
1318 853 1466 885 usum
1522 836 1780 900 Cypriano

79 908 471 970 aequalibusque
511 924 662 970 quam
700 908 904 958 Valerio
945 909 1227 972 digniorem
1278 926 1388 959 esse
1437 911 1643 974 egregie
1688 911 1775 958 ille

78 982 271 1031 nesciit.
335 981 566 1043 equidem
606 983 805 1031 omnino
844 999 944 1032 non
981 985 1129 1032 uideo
1171 999 1375 1033 causam
1413 1001 1501 1032 cur
1525 985 1777 1033 reicienda

79 1057 146 1104 sit
184 1055 375 1117 optima
413 1056 801 1117 Eyssenhardtii
840 1058 1126 1106 coniectura
1166 1053 1418 1106 ‘interno'.

230 1145 297 1192 66
338 1147 563 1192 scrutans
601 1148 702 1191 tum
726 1146 925 1207 scripsi:
966 1151 1231 1202 sectantum
1255 1147 1316 1195 V.
1355 1163 1473 1195 nam
1505 1163 1618 1194 cum
1656 1147 1778 1195 olim

79 1213 294 1266 ‘sectans
354 1211 484 1264 tum'
546 1218 860 1282 coniecerim,
924 1221 1018 1269 hoc
1070 1221 1173 1268 iam
1228 1221 1440 1270 concedo
1496 1221 1772 1285 Maduigio,

79 1291 303 1341 sectandi
340 1290 553 1338 uerbum
590 1307 690 1340 non
728 1293 914 1342 habere
955 1296 1231 1357 quaerendi
1268 1296 1544 1344 notionem.

229 1381 296 1429 68
353 1395 529 1428 currus
590 1383 633 1427 et
694 1395 811 1440 quos
869 1383 995 1442 fren.
1059 1385 1191 1432 drac.
1256 1385 1467 1433 ereditur
1520 1383 1774 1445 Hauptius

82 1452 274 1516 [Herm.
314 1454 394 1501 III
434 1451 586 1515 212]:
627 1468 777 1503 ewra
814 1470 986 1506 saeuos
1023 1458 1148 1518 frea.
1191 1459 1324 1507 drac.
1365 1459 1588 1506 ereditas.

230 1544 297 1591 73
341 1558 410 1604 sq.
459 1557 526 1590 cm
577 1544 710 1591 socia
761 1544 953 1593 Iunone
1002 1549 1045 1594 et
1080 1546 1285 1595 Pallade
1332 1547 1488 1606 fretas
1526 1548 1777 1595 armisona

79 1620 270 1677 superet
314 1618 471 1677 magis
517 1619 560 1663 et
604 1617 734 1675 freta
778 1619 917 1666 iussa
963 1625 1195 1679 capessat.
1280 1620 1652 1681 ineptissimum
1699 1623 1777 1669 est

80 1684 338 1752 ‘superet'‚
378 1690 562 1752 quippe
586 1689 719 1752 quod
756 1690 884 1739 illud
926 1686 1196 1755 ‘capessat'
1220 1694 1520 1755 praecedere
1546 1697 1776 1756 nequeat.
1875 1715 1882 1719 ·

78 1780 239 1827 neque
262 1779 383 1818 uero
423 1764 486 1811 ab
511 1763 706 1812 Iasonis
746 1765 1010 1815 uoluntate
1034 1768 1275 1830 pependit
1321 1768 1482 1815 maria
1522 1783 1776 1831 superare⁷
1840 1798 1844 1802 -

19 1844 27 1852 ‘
78 1838 131 1886 id
154 1840 246 1900 est,
284 1837 499 1887 feliciter
522 1838 813 1900 peruadere.
862 1841 1152 1903 scripsimus
1177 1841 1336 1904 igitur
1363 1837 1552 1904 ‘speret
1575 1837 1776 1904 magis'.

79 1927 197 1960 nam
244 1911 480 1973 sperandi
532 1912 836 1973 uocabulum
892 1914 1123 1964 absolute
1169 1916 1392 1978 positum
1437 1916 1594 1964 habes
1642 1916 1777 1977 apud

81 1985 299 2034 Statium
339 1982 474 2046 [silu.
514 1985 540 2033 I
580 1987 627 2048 2,
656 1983 748 2048 78]
775 1988 826 2036 et
863 1987 1156 2038 quenalem
1190 1987 1285 2050 [IV
1326 1987 1436 2051 57].
1474 2015 1548 2024 ——-
1574 1983 1783 2051 ‘magis'

82 2062 159 2107 est
197 2061 428 2107 nostrum
468 2054 777 2121 euielmehr'3
819 2062 879 2109 cf.
921 2078 1048 2124 quae
1089 2063 1191 2110 dixi
1231 2064 1294 2110 ad
1327 2063 1577 2124 Sulpiciae
1615 2080 1662 2110 u.
1690 2065 1776 2111 40.

231 2134 298 2181 89
339 2135 438 2181 ieta
476 2132 675 2194 scripsi:
714 2135 816 2194 iym‘
854 2134 903 2180 V
941 2136 1172 2184 absurde.

232 2208 302 2254 90
342 2208 522 2267 timent
557 2205 794 2255 Vossius:
835 2210 1023 2270 emyent
1060 2210 1120 2258 V.

0 2330 2 2342 ζ
232 2282 298 2328 99
338 2294 537 2340 poscere
589 2294 707 2340 quos
758 2282 956 2331 reuehat
999 2285 1233 2344 rebusque
1286 2285 1340 2332 in
1394 2284 1589 2334 saecula
1643 2285 1779 2332 tollat

0 2390 1 2409 2
80 2354 379 2403 reuectionis
426 2355 830 2403 commemoratio
877 2357 957 2405 hic
995 2358 1143 2418 plane
1182 2358 1468 2420 importune
1514 2357 1586 2406 fit.
1665 2373 1779 2405 cum

0 2429 2 2485 ξ
83 2421 174 2475 ‘re'
231 2431 282 2475 et
329 2422 463 2489 ‘que'
513 2427 814 2490 aliquotiens
860 2430 912 2478 in
959 2430 1103 2480 libris
1153 2447 1270 2480 mss.
1348 2433 1513 2480 locum
1551 2434 1782 2479 mutasse.

0 2492 2 2513 '
84 2504 163 2549 sat
226 2503 442 2564 constet,
504 2501 619 2550 dedi
677 2497 918 2567 ‘quosque
974 2499 1162 2553 uehat'.
1255 2506 1432 2554 deinde
1487 2506 1776 2555 Burmanno

84 2576 286 2623 auctore
341 2570 412 2622 ‘in
466 2575 632 2624 sidera
681 2571 852 2625 tollat'
907 2580 1162 2640 reuocaui:
1220 2580 1278 2627 cf.
1334 2579 1489 2641 Verg,
1528 2578 1651 2626 Aen.
1699 2578 1779 2626 III

83 2648 190 2695 462
233 2651 284 2695 et
320 2648 554 2697 Valerius
594 2649 669 2697 IV
709 2651 831 2699 555.

236 2738 339 2784 105
379 2738 554 2786 malim
591 2732 757 2788 ‘laude
797 2743 980 2788 canunt
1018 2735 1149 2789 uisi'.

236 2826 341 2873 110
386 2839 486 2874 non
530 2830 664 2875 recte
711 2828 926 2876 offensus
978 2833 1054 2877 est
1102 2829 1228 2876 Phil.
1268 2827 1554 2891 Wagnerus
1608 2827 1680 2890 [ΙΙ
1728 2846 1783 2890 p„
