1982 3120
218 116 373 160 XVIII
886 114 1232 159 PRAEFATIO

220 241 328 289 eius
368 240 442 287 rei
481 256 511 287 a
542 240 717 301 Mopso
759 255 979 287 summas
1017 255 1188 287 rerum
1210 239 1484 287 uaticinato
1509 242 1913 290 commemoratio

219 314 330 361 fieri
366 329 467 362 non
504 313 684 375 potuit.
730 328 830 360 non
869 312 1044 360 dubito
1075 312 1196 374 quin
1231 315 1376 361 uates
1414 313 1606 360 bellum
1644 329 1704 361 ex
1725 315 1914 363 uellere

221 403 372 435 aureo
423 387 572 434 simul
628 402 685 434 ac
730 386 930 448 uirgine
977 388 1125 447 rapta
1168 386 1301 433 inter
1347 385 1558 435 Colchos
1607 389 1658 435 et
1698 387 1916 437 Graecos

222 463 452 509 exortum
489 460 663 522 paucis
701 459 1015 507 indicauerit.
1090 459 1262 520 itaque
1301 459 1499 521 scripsi:
1547 455 1716 522 ‘quem
1761 461 1917 510 citum

221 528 244 600 (
245 535 329 583 1161
369 527 651 598 ‘excitum')
690 533 880 580 uellere
918 532 1136 580 Martem
1175 527 1397 593 aspicio'.
1472 548 1590 581 nam
1628 534 1761 596 quod
1781 549 1914 583 nunc

221 607 423 670 quidem
446 606 703 669 participii
743 600 911 654 ‘citus'
953 622 983 653 a
1019 606 1183 654 forma
1223 599 1336 653 ‘cio'
1378 605 1594 655 deriuati
1631 608 1914 670 exemplum

219 696 320 730 non
359 681 598 743 suppetit,
638 681 766 727 nihil
804 695 1051 742 curamus,
1091 695 1204 727 cum
1226 679 1548 728 inueniantur
1586 681 1687 728 alia
1722 681 1914 730 formae

218 755 369 802 huius
422 755 648 816 exempla
685 754 821 801 haud
859 769 1031 815 pauca.
1110 756 1331 802 ceterum
1377 753 1437 800 cf.
1483 752 1531 800 V
1577 754 1684 802 576
1738 749 1912 803 ‘tantis

218 828 413 877 concita
449 828 707 876 furoribus
748 821 922 875 arma'.

370 904 474 950 226
517 916 575 949 en
612 901 819 949 Aldina:
861 905 904 949 et
941 901 1000 948 V.
1981 934 1982 974 ,

369 977 473 1037 227
522 976 809 1023 iamdudum
856 977 1045 1022 mimas
1099 976 1300 1034 ambaye
1352 976 1609 1035 ducemque
1661 977 1905 1036 terrificat.

216 1050 291 1097 ita
327 1049 435 1097 fere
474 1049 535 1096 V.
569 1052 620 1096 et
659 1043 886 1096 ‘minsas'
927 1048 1128 1110 quidem
1166 1050 1300 1096 recte
1349 1048 1402 1095 in
1441 1048 1744 1098 editionibus
1784 1049 1912 1097 anti·

218 1123 329 1184 quis
368 1123 422 1170 in
462 1117 699 1186 ‘Minyas'
725 1124 1005 1170 correctum
1044 1124 1144 1184 est3
1186 1121 1273 1170 sed
1296 1124 1354 1170 ut
1371 1122 1618 1170 -lacunam
1641 1123 1913 1185 explerent,

217 1196 362 1244 uaria
399 1196 750 1258 excogitauere
790 1196 937 1243 docti.
1014 1195 1147 1257 quod
1186 1195 1437 1256 Heinsius,
1491 1196 1571 1244 cui
1609 1195 1758 1244 Thilo
1803 1196 1911 1244 fere

217 1269 559 1332 adstipulatus
599 1271 691 1331 est,
732 1269 936 1331 scripsit
986 1263 1099 1316 ‘hac
1136 1271 1281 1318 uates
1319 1269 1517 1332 Minyas
1564 1263 1814 1332 ambage',
1859 1269 1912 1317 id

215 1358 377 1406 neque
425 1343 487 1391 ab
535 1345 741 1391 externa
786 1358 947 1405 neque
1008 1357 1130 1390 uero
1187 1342 1250 1390 ab
1307 1343 1506 1392 interna
1551 1342 1911 1405 probabilitate
1950 1363 1953 1391 ι

218 1417 606 1465 commendatur.
681 1416 1023 1478 nequeenim
1072 1415 1243 1464 addito
1289 1417 1378 1465 illo
1429 1410 1614 1465 ‘uates’
1654 1432 1780 1478 opus
1819 1418 1911 1479 est,
1949 1393 1953 1440 ³

218 1506 330 1538 cum
384 1491 445 1538 de
499 1490 675 1552 Mopso
731 1505 1012 1539 sermonem
1067 1505 1176 1539 esse
1237 1491 1373 1538 ultro
1436 1493 1694 1552 appareat.
1784 1490 1909 1539 mihi

117 1574 119 1576 ’
216 1564 529 1613 intercidisse
591 1564 795 1612 uidetur
856 1564 1117 1626 epitheton
1176 1564 1381 1626 aliquod
1441 1563 1578 1612 uocis
1643 1557 1949 1627 ‘ambage'.1

215 1653 317 1686 non
364 1639 487 1700 puto
542 1640 714 1686 autem
766 1637 984 1699 reperiri
1036 1653 1184 1699 posse
1239 1637 1374 1700 quod
1426 1639 1478 1685 et
1524 1636 1692 1699 aptius
1738 1637 1806 1686 sit
1859 1636 1949 1685 et?

217 1727 421 1760 causam
459 1711 644 1759 erroris
684 1712 863 1759 melius
903 1711 1124 1759 declaret
1148 1726 1298 1772 quam
1336 1704 1554 1773 ‘inuisa',
1601 1713 1736 1759 certe
1771 1710 1909 1759 facil-
1941 1681 1948 1782 f

215 1786 333 1833 lime
373 1787 490 1833 ante
530 1779 756 1833 ‘minsas'
796 1784 1034 1833 interlabi
1070 1784 1251 1847 potuit.
1944 1807 1945 1810 ¹

366 1860 473 1907 230
502 1860 681 1919 plewws
718 1860 837 1919 fatis
873 1859 1153 1918 Phoeboque
1190 1860 1356 1918 quieto.
1435 1858 1495 1906 de
1533 1858 1741 1907 Idmone
1783 1858 1903 1906 fatis
1940 1818 1946 1903 1

214 1933 362 1995 pleno
402 1947 516 1980 cum
560 1933 762 1980 demum
805 1949 889 1980 uu.
942 1933 1047 1980 231
1066 1933 1248 1980 —233
1305 1934 1504 1993 agatur,
1558 1931 1640 1979 hic
1687 1931 1794 1979 eius
1833 1931 1908 1979 rei
1939 1910 1945 1960 ξ

214 2006 403 2054 mentio
449 2008 773 2067 praepostere
820 2005 892 2053 fit.
968 2005 1138 2053 uerbis
1194 2000 1313 2053 ‘non
1364 2005 1557 2066 pallore
1609 2005 1757 2068 111116,
1811 2019 1912 2054 11011

214 2079 318 2127 11Πο
379 2079 588 2127 horrore
650 2094 905 2127 comarum
965 2072 1228 2127 terribilis'
1291 2081 1491 2140 oportet
1551 2078 1671 2126 bina
1730 2078 1939 2145 itideml

214 2152 441 2201 membra
489 2154 807 2215 opponantur
861 2152 1042 2214 quibus
1100 2151 1406 2216 tranquillus
1466 2155 1775 2215 pacatusque
1827 2151 1939 2203 Idm

213 2227 375 2274 monis
436 2228 600 2274 status
657 2227 953 2274 declaretur.
1029 2226 1200 2287 itaque
1256 2226 1436 2287 scripsi
1491 2219 1687 2287 ‘plenus
1733 2215 1938 2287 113016’ἔ

213 2315 331 2347 nam
372 2299 502 2360 quod
542 2294 769 2361 ‘plenus'
809 2315 922 2347 cum
967 2299 1154 2361 duplici
1200 2314 1318 2347 casu
1358 2299 1700 2360 coniungitur,
1747 2297 1801 2345 in
1847 2313 1935 2346 eo.

214 2388 358 2421 nemo
405 2373 626 2434 prudens
674 2372 914 2435 offendet3
969 2372 1029 2419 cf.
1077 2371 1270 2420 Statius
1320 2369 1455 2432 [silu.
1501 2371 1527 2419 Ι
1578 2374 1630 2434 1,
1682 2373 1747 2419 15
1807 2369 1903 2433 sq.]

215 2441 377 2493 ‘iuuat
431 2461 519 2495 ora
564 2446 699 2493 tueri
745 2446 904 2493 mixta
949 2446 1083 2494 notis
1128 2446 1251 2493 belli
1289 2445 1637 2507 placidamque
1676 2445 1929 2508 gerentia-

213 2514 429 2582 pacem'3
471 2518 683 2568 Ouidius
726 2516 864 2580 [met.
904 2518 955 2566 II
995 2517 1126 2580 858]
1170 2513 1363 2581 epacem
1400 2519 1574 2567 uultus
1612 2512 1800 2567 habet'.

365 2594 469 2641 233
503 2607 586 2641 scu
614 2594 818 2653 plemma
850 2595 988 2641 certis
1018 2595 1273 2654 interroyet
1309 2608 1428 2642 aera
1446 2594 1634 2652 pirmis.
1685 2607 1904 2654 augures

214 2682 315 2715 non
365 2681 504 2729 aera,
555 2666 642 2714 sed
688 2667 881 2714 caelum
918 2667 1251 2728 interrogant.
1325 2666 1496 2727 itaque
1542 2681 1633 2727 pro
1674 2659 1930 2714 ‘interro-.

215 2735 411 2802 getera'
451 2741 599 2788 unica
645 2740 843 2803 syllaba
882 2740 1137 2801 duplicata
1187 2738 1504 2788 scribendum
1553 2740 1632 2788 est
1670 2733 1902 2786 ‘interro-

215 2815 304 2875 get
336 2808 508 2876 etera',
547 2814 599 2860 id
624 2816 703 2862 est
741 2809 1040 2875 ‘interroget
1079 2807 1320 2861 aethera'.
1383 2812 1515 2875 quod
1552 2814 1754 2875 praeter
1791 2811 1902 2859 loca

215 2903 246 2934 a
275 2887 561 2935 Burmanno
594 2887 765 2935 adlata
801 2888 1014 2934 maxime
1046 2887 1336 2948 comprobat
1375 2885 1566 2934 Statius
1601 2883 1735 2946 [61111.
1771 2884 1820 2930 V
1853 2885 1902 2948 3,
1926 2915 1942 2966 ,L

1922 3056 1927 3120 ι’
