1982 3120
263 132 459 176 XXVIII
934 131 1282 176 PRAEFATIO

415 258 519 304 219
570 259 733 304 cartas
780 256 980 317 scripsi:
1034 259 1192 304 noctes
1238 256 1299 303 V.
1377 250 1565 304 ‘uoces'
1617 255 1961 306 Marklandus.

414 331 522 378 220
561 333 701 378 arms
737 329 1035 393 Meynckius
1074 329 1126 376 H
1166 331 1296 378 363:
1336 331 1499 378 adibus
1535 329 1597 377 V.
1851 348 1853 350 ·

414 405 516 451 221
547 419 652 466 sqq.
682 418 811 464 pars
833 407 889 451 ut
926 405 1066 450 eraut
1095 403 1303 462 dapibus
1339 405 1547 463 uinoque
1583 418 1800 464 sajum-08,
1828 418 1982 467 pars¹

264 478 482 537 conferre
538 491 716 525 mamus
771 479 914 525 etiam
974 478 1258 537 maymsque
1306 480 1520 537 patratae
1586 491 1695 526 cum
1753 479 1982 537 facibus.

264 551 501 610 quosdam
538 552 780 598 insomnes
834 554 878 598 et
923 553 1093 598 cuncta
1138 553 1331 599 tuentes.
1414 565 1515 599 non
1566 553 1704 599 extat
1753 551 1808 598 in
1850 553 1982 600 toto*

263 623 458 671 Valerii
512 624 729 671 carmine
782 624 922 671 locus
975 623 1171 671 foedius
1219 626 1502 685 corruptus.
1583 639 1702 672 nam
1748 639 1960 686 prorsus

263 698 436 759 inepte
473 697 556 745 hic
594 697 809 745 feminae
846 697 981 745 faces
1022 697 1241 760 gessisse
1279 699 1573 759 narrantur,
1621 697 1805 760 quippe
1852 699 1963 761 qui-

262 772 359 819 bus
399 780 544 819 enses
584 787 615 818 a
652 771 848 819 Venere
889 771 1034 819 datos
1073 787 1185 820 esse
1225 787 1252 819 e
1290 788 1338 819 u.
1379 772 1485 819 215
1528 771 1757 820 sciamus.
1818 787 1960 833 prae-

262 847 407 893 terea
460 859 548 892 cur
606 845 742 893 faces
795 845 914 892 illae
976 844 1189 892 audiunt
1251 839 1540 907 ‘magnae'P
1602 843 1723 907 quid
1782 846 1964 894 uocula

266 911 458 966 ‘etiam'
511 918 617 966 sibi‘
661 918 807 966 uult?
863 918 950 967 sed
1003 921 1062 966 ut
1113 919 1238 967 haec
1291 934 1594 981 quamquam
1646 918 1966 967 intoleranda

264 991 518 1053 patienter
579 992 823 1054 feramus,
877 992 1026 1054 plane
1080 992 1305 1040 abundat
1364 992 1492 1040 fflud
1553 986 1850 1054 ‘quosdam’‚
1911 992 1965 1040 id

265 1064 399 1127 quod
436 1065 520 1112 1161
558 1065 705 1112 Thilo
746 1066 957 1128 agnouit
997 1062 1175 1127 [praef.
1214 1083 1262 1128 p.
1301 1063 1554 1127 XXXIV]
1629 1065 1756 1113 nihil
1793 1069 1967 1114 autem

265 1139 329 1186 ad
389 1139 720 1187 remouendas
782 1139 874 1188 has
936 1139 1261 1188 difficultates
1322 1139 1639 1201 proficiemus
1706 1139 1965 1188 litterulas

264 1212 521 1260 mutando.
598 1228 715 1260 nam
765 1213 808 1260 si
852 1212 1119 1261 Heinsium
1169 1215 1221 1260 et
1266 1212 1395 1261 Phil.
1442 1212 1755 1275 Wagnerum
1803 1209 1878 1273 [Π
1914 1229 1966 1275 Ρ.

266 1283 398 1346 395]
456 1286 615 1334 secuti
678 1286 1025 1348 scripserimus
1081 1280 1341 1348 paratos'‚
1402 1286 1701 1347 prauissime
1763 1286 1808 1334 61
1879 1285 1974 1348 qui.

265 1374 444 1407 manus
484 1359 710 1407 conferre
751 1362 869 1408 sunt
906 1360 1074 1421 parati
1118 1360 1501 1442 distinguuntur
1551 1360 1614 1407 ab
1651 1359 1967 1409 insomnibus

266 1434 542 1495 cunctaque
566 1433 871 1496 uidentibus,
897 1448 1011 1481 cum
1033 1433 1240 1495 potius
1226 1449 1478 1482 msomnes
1512 1449 1655 1481 arma.
1689 1433 1965 1495 sumpsisse

266 1506 462 1554 dicendi
487 1506 602 1555 sint.
649 1507 821 1569 itaque
862 1507 932 1555 sic
957 1523 1153 1569 quoque
1179 1501 1461 1569 ‘quosdam'
1496 1522 1594 1555 uox
1631 1521 1732 1555 non
1754 1507 1967 1556 haberet

269 1580 664 1641 explicationem.
728 1580 959 1643 equidem
999 1581 1269 1643 agnouisse
1308 1580 1434 1627 mihi
1474 1596 1585 1629 sum
1622 1580 1763 1628 uisus
1808 1581 1978 1639 inter--

264 1653 510 1714 polatoris
574 1653 834 1702 cuiusdam
886 1669 1091 1702 manum
1104 1692 1116 1716 ,
1179 1654 1287 1716 qui,
1343 1669 1456 1701 cum
1508 1654 1632 1701 11660
1684 1653 1974 1717 611ῢίᾳι11ῂ116

264 1727 456 1774 tradita
494 1727 772 1775 inuenisset
812 1722 947 1788 ‘pars
987 1729 1046 1775 ut·
1084 1731 1229 1775 erant
1252 1727 1463 1789 dapibus
1502 1727 1718 1789 uinoque
1758 1742 1982 1790 soporos·

266 1815 387 1861 pars
425 1801 676 1849 insomnes
717 1803 767 1848 et
793 1803 971 1848 cuncta
1009 1795 1246 1863 tuentes',
1283 1801 1450 1849 locum
1473 1801 1982 1869 6Ρ61·1;616011110611111Ι

264 1874 469 1935 proprio
508 1875 672 1922 Marte
713 1874 1040 1936 suppleuerit.
1116 1875 1219 1922 iam
1258 1873 1301 1922 si
1340 1874 1497 1922 uerba
1543 1874 1634 1922 illa
1679 1874 1982 1922 accuratius}

265 1947 534 2010 intuemur,
572 1948 720 1995 facile
761 1948 907 2009 quale
945 1948 1051 1996 fere
1090 1947 1367 1996 remedium
1404 1948 1542 1996 locus
1580 1947 1667 1995 1116
1706 1947 1960 1996 desideret

264 2021 621 2083 intellegimus.
658 2037 777 2068 nam
799 2022 852 2068 in
873 2021 974 2069 illis
1007 2016 1145 2083 ‘pars
1184 2023 1243 2069 ut
1273 2024 1418 2069 erant
1441 2021 1553 2083 dap.
1593 2021 1686 2068 uir.
1726 2015 1958 2083 soporos’

264 2094 423 2142 uerba
468 2089 545 2142 ‘ut
583 2088 747 2142 erant'
796 2095 944 2156 plane
982 2096 1184 2156 praeter
1228 2095 1582 2143 necessitatem
1619 2094 1792 2142 addita
1830 2098 1963 2142 sunt.

266 2183 393 2229 quae
431 2170 543 2215 tum
575 2168 776 2216 demum
813 2169 1002 2217 habent
1039 2168 1226 2231 locum,
1277 2169 1319 2216 si
1357 2169 1596 2217 restitues
1637 2162 1846 2230 ‘sopori'
1887 2166 1982 2216 se·‘

266 2244 546 2303 queturque
592 2242 895 2290 uocabulum
940 2258 1036 2304 quo
1087 2242 1314 2290 uirorum
1358 2235 1740 2290 Lemniaoorum
1795 2243 1961 2290 status

228 2350 232 2351 γ
265 2315 546 2363 accuratius
594 2315 910 2363 describitur.
985 2315 1101 2363 hinc
1145 2315 1392 2363 traditum
1436 2315 1564 2362 illud
1611 2308 1858 2376 ‘soporos'
1905 2315 1982 2362 in.

265 2387 362 2435 duo
416 2388 575 2436 uerba
628 2388 963 2447 dirimendum
1016 2390 1108 2436 est.
1186 2388 1228 2435 si
1281 2388 1421 2450 leges
1477 2383 1638 2450 ‘pars,
1698 2390 1758 2435 ut
1811 2391 1957 2436 erant

264 2461 477 2522 dapibus
515 2462 731 2524 uinoque
771 2461 953 2524 sopori,
990 2462 1211 2524 ignaros,
1249 2477 1368 2523 pars
1398 2462 1652 2510 insomnes
1690 2463 1743 2509 et
1780 2464 1982 2510 cuneta³

264 2529 500 2597 tuentes',
539 2535 823 2598 genuinam,
860 2535 914 2583 ni
950 2536 1274 2583 uehementer
1310 2535 1482 2597 fallor,
1520 2534 1714 2582 Valerii
1752 2549 1957 2582 manum

264 2608 563 2657 restitueris.
640 2609 726 2670 qui
771 2609 851 2656 hic
898 2624 1095 2671 quoque
1132 2609 1391 2656 Maronem
1439 2606 1532 2669 [IX
1573 2605 1704 2669 345]
1754 2609 1955 2665 secutus

265 2683 364 2729 est:
405 2676 805 2744 ‘Herbesumque
857 2682 994 2730 subit
1016 2682 1366 2743 Rhoetumque
1394 2681 1702 2743 Abarimque
1739 2682 1982 2744 ignaros‚3

269 2755 522 2803 Rhoetum
559 2756 862 2818 uigilantem
899 2757 951 2803 et
989 2758 1168 2803 cuncta
1204 2749 1495 2803 uidentem'.

416 2831 520 2877 233
563 2830 731 2877 anhelo
767 2828 1027 2877 Heinsius:
1068 2828 1241 2877 amhela
1279 2828 1339 2876 V.
1380 2844 1445 2876 an
1484 2822 1699 2890 aperta'
1711 2826 1736 2875 ἱ)

416 2903 519 2949 236
570 2903 855 2962 adstantque
898 2904 1062 2951 domos
1108 2901 1306 2963 scripsi:
1362 2903 1636 2962 adduntque
1686 2901 1849 2949 domos
1887 2898 1948 2948 V.
