1982 3120
211 88 318 131 XIV
889 85 1233 129 PRAEFATIO

367 213 432 259 18
478 227 581 273 sqq.
630 224 779 270 neque
818 213 944 258 euim
991 209 1154 270 Tyriis
1200 209 1458 270 Cynosura
1505 211 1686 259 carinis
1731 213 1906 259 certior
1971 221 1982 234 ¹

213 290 299 333 aut
339 284 492 333 Grais
527 285 695 332 Helice
738 285 987 332 seruamda
1031 285 1300 344 mayistris‘,
1347 298 1434 332 seu
1478 287 1530 331 tu
1575 285 1718 343 siqua
1763 285 1905 333 dabis
1964 287 1971 291 ’

212 373 296 407 seu
342 362 384 406 te
431 359 549 407 duce
592 356 804 406 Graecia
852 359 1002 405 mittet
1047 360 1090 403 ct
1133 356 1286 404 Sidou
1323 356 1562 417 Nilusque
1609 361 1752 405 rates.
1827 358 1903 405 ita

211 434 316 479 fere
372 431 508 479 codd.
572 432 755 479 mirum
812 433 982 478 autem
1037 434 1114 478 est
1174 445 1324 491 quam
1375 430 1612 478 uiolentis
1667 430 1903 480 remediis

211 506 391 552 horum
450 521 691 552 uersuum
752 504 1091 566 corruptelam
1158 504 1339 551 tollere
1401 504 1687 552 studuerint
1756 504 1903 552 docti.

212 579 401 639 optima
448 581 619 626 autem
665 578 934 639 eademque
990 577 1248 625 lenissima
1292 577 1570 625 mutatione
1618 577 1902 626 Gronouius
1976 634 1980 638 ¹

213 650 341 711 [obs.
380 652 405 698 I
447 649 539 713 18]
585 651 722 699 dedit
763 646 825 699 (61
862 653 921 699 tu
963 650 1107 713 signa
1147 645 1324 698 dabis'.
1379 650 1513 699 idem
1553 651 1686 712 quod
1726 651 1907 699 deinde
1980 669 1982 671 ’

212 720 275 773 ‘si
313 727 365 772 te
391 720 534 772 duce'
575 725 817 786 reposuit,
857 725 910 771 id
947 741 1068 773 uero
1108 740 1208 772 non
1244 724 1524 772 laudamus.
1575 739 1694 772 nam
1732 727 1904 786 aperte

212 799 394 846 ultima
435 799 594 846 uerba
634 801 954 860 opponuntur
992 798 1260 859 prioribus.
1312 798 1483 860 itaque
1523 792 1632 846 ‘sed
1668 800 1720 846 te
1760 793 1905 846 duce'

208 873 368 933 posui.
428 875 697 934 postquam
742 874 912 920 autem
959 866 1086 920 ‘sed'
1133 872 1186 918 in
1233 866 1360 919 ‘seu'
1409 871 1558 934 abiit,
1597 887 1755 933 paene
1794 887 1905 920 con-

216 946 487 994 sectarium
533 948 643 993 erat
689 948 746 992 ut
793 946 948 993 etiam
991 946 1132 1007 prius
1170 945 1298 991 illud
1339 940 1420 994 esi²'
1459 946 1687 993 traheret
1723 945 1916 993 labem.¹

359 1035 426 1082 39
485 1037 684 1094 occupat
737 1038 781 1080 et
831 1034 957 1092 fictis
1010 1034 1095 1082 dat
1145 1035 1336 1081 uultum
1390 1038 1434 1081 et
1474 1034 1698 1093 pondera
1751 1034 1903 1082 dictis.

210 1108 320 1155 iure
376 1107 564 1169 optimo
622 1107 933 1155 offenderunt
987 1107 1121 1155 doct-i
1173 1107 1567 1155 homoioteleuto
1619 1105 1706 1155 ino
1755 1101 1908 1155 ‘fictis

213 1175 395 1229 dictis'.
473 1183 740 1242 praeterea
776 1181 902 1227 illud
945 1175 1162 1228 ‘uultum
1202 1183 1253 1228 et
1293 1175 1536 1242 pondera'
1577 1196 1607 1229 a
1650 1179 1905 1228 latinitate

215 1256 503 1316 suspectum
543 1256 633 1302 est.
681 1254 852 1316 itaque
894 1254 1073 1316 scripsi
1113 1249 1182 1302 ‘et
1205 1254 1310 1302 ficti
1350 1254 1438 1302 dat
1476 1255 1651 1302 uultus
1682 1253 1908 1315 pondera
1967 1278 1973 1280 -

210 1323 398 1390 dictis'3
440 1328 499 1375 cf.
538 1324 774 1376 Manilius
819 1326 887 1388 [V
934 1327 1066 1389 452]
1117 1323 1414 1390 tfrontisque
1458 1343 1515 1376 ac
1561 1328 1734 1376 uultus
1774 1343 1902 1376 com-

207 1402 351 1463 ponit
397 1398 616 1463 pondere
662 1396 891 1450 mentes'.
933 1427 1001 1435 —-
1053 1397 1142 1451 eet’
1198 1401 1500 1450 addiderunt
1538 1404 1653 1462 post
1692 1395 1908 1449 ‘uultus'

208 1476 346 1523 uocis
387 1475 813 1537 deprauationem.

358 1565 427 1611 41
473 1558 654 1625 ‘daque
692 1558 916 1612 manum'
956 1564 1195 1612 Heinsius
1234 1563 1674 1625 perprobabiliter.

356 1653 426 1700 49
477 1653 640 1700 lacera
694 1653 915 1700 adsiduis
968 1656 1159 1712 tumque
1213 1651 1411 1714 scripsi:
1467 1652 1629 1700 lacera
1682 1652 1903 1700 adsiduis

210 1740 422 1786 namque
458 1724 518 1773 V.

365 1815 431 1862 51
481 1818 538 1862 ut
588 1815 804 1874 pendere
851 1814 1050 1875 scripsi:
1104 1812 1183 1862 uel
1216 1815 1431 1874 pendere
1478 1812 1526 1860 V
1580 1814 1686 1861 sine
1739 1827 1905 1862 sensu.

217 1887 352 1949 quod
392 1903 504 1935 cum
544 1887 754 1935 sentiret
791 1887 1096 1950 Maduigius‚
1135 1888 1298 1935 minus
1344 1887 1472 1935 bene
1523 1881 1618 1934 ‘tu'
1664 1887 1907 1948 reposuit.

365 1977 433 2024 58
475 1991 581 2038 sqq.
628 1977 806 2024 talibus
851 1977 1072 2024 hortatur
1114 1978 1359 2030 iwueuem,
1395 1977 1691 2036 propiorque
1725 1975 1908 2024 iubenti

210 2051 455 2109 conticuit,
503 2053 659 2098 certus
705 2049 919 2110 Scythico
959 2064 1240 2097 concurrere
1267 2052 1419 2109 ponto
1459 2047 1707 2109 Cyaneas,
1753 2052 1907 2096 tauto-

212 2138 301 2182 que
339 2124 447 2171 silet
474 2138 702 2183 possessa
741 2125 948 2171 dracoue
984 2123 1179 2171 uellera.
1255 2124 1372 2184 post
1417 2122 1506 2169 illa
1546 2117 1751 2171 ‘talibus
1790 2122 1903 2170 hor-

206 2199 348 2244 tatur
387 2191 639 2245 iuuenem'
681 2197 949 2244 admodum
985 2197 1140 2258 friget
1177 2196 1305 2243 illud
1331 2189 1607 2244 ‘conticuit'
1644 2198 1752 2243 tam
1772 2195 1909 2243 nude
1975 2223 1978 2225 >

159 2314 165 2321 .
209 2270 444 2330 positum.
523 2273 841 2331 expectamus
867 2272 1051 2331 autem,
1090 2273 1148 2317 ut
1187 2270 1251 2317 ad
1299 2264 1469 2331 ‘silet',
1508 2269 1582 2316 ita
1627 2268 1692 2316 ad
1731 2263 1903 2316 ‘conti-

207 2338 330 2391 cuit'
379 2343 605 2390 additum
652 2359 761 2391 esse
809 2342 1058 2391 obiectum
1111 2342 1375 2404 quoddam.
1459 2343 1650 2404 itaque,
1698 2357 1810 2389 cum
1856 2341 1910 2389 V

207 2416 448 2477 praebeat
497 2410 702 2478 ‘certis'‚
750 2416 928 2478 scripsi
976 2411 1232 2464 ‘conticuit
1279 2410 1477 2464 certas'.
1526 2441 1596 2449 —-
1652 2409 1903 2478 ‘Cyaneae
1980 2446 1982 2448 -

208 2505 502 2537 concurrere
558 2484 743 2537 certae'
797 2492 916 2538 noto
971 2489 1248 2551 graecismo
1302 2505 1394 2551 pro
1437 2484 1546 2552 (ΟΥ.
1602 2504 1728 2551 quae
1768 2491 1904 2536 certe

208 2557 546 2625 concurrent'3
591 2563 651 2610 cf.
677 2562 828 2611 Silius
867 2563 1074 2612 Italicus
1118 2561 1234 2623 [XV
1257 2561 1390 2625 493]
1434 2557 1683 2624 ‘superari
1720 2561 1902 2609 certior

207 2631 404 2685 hostis'.
432 2663 501 2670 -
543 2639 765 2685 ceterum
804 2636 1046 2685 adnotatu
1086 2638 1165 2684 est
1203 2636 1569 2697 dignissimum,
1610 2635 1904 2696 saepissime

207 2711 260 2756 111
297 2705 403 2757 V‘i'
448 2713 499 2758 et
541 2705 848 2759 ‘af-uocales
889 2710 1120 2758 confusas
1161 2725 1292 2772 esse3
1340 2709 1400 2756 cf.
1447 2709 1474 2756 I
1515 2711 1580 2757 17
1622 2703 1900 2772 ‘Tyrias—
1979 2703 1982 2706 ’

208 2778 450 2846 carinas'3
508 2785 612 2832 227
671 2778 932 2846 ‘ambige'3
990 2785 1097 2831 429
1155 2777 1486 2845 ‘saluasque'3
1551 2784 1655 2830 619
1719 2775 1900 2830 ‘actus'
1975 2782 1980 2850 J

211 2858 317 2904 730
375 2851 558 2904 ‘sacri'.
635 2857 688 2905 II
714 2928 720 2934 ‘
744 2859 846 2906 197
905 2851 1260 2920 ‘adglomeriffi
1336 2856 1414 2904 III
1469 2857 1538 2904 48
1596 2849 1750 2903 ‘oris'.
1825 2854 1899 2901 IV
