1982 3120
208 158 399 204 XLVIII
879 157 1224 202 PRAEFATIO

358 285 464 332 230
493 284 719 343 profusis
757 283 954 344 scripsi:
985 284 1252 343 presumatis
1289 283 1351 331 V.

353 358 458 405 237
501 357 668 406 docilis
704 357 850 417 releqi
873 356 1131 416 docilisque
1165 357 1388 417 relinqui.
1421 358 1543 404 haec
1567 355 1728 405 uerba
1750 356 1900 404 simul
1968 413 1970 415 ¹

206 435 257 480 et
310 445 515 479 uersum
569 431 860 493 sequentem
914 430 1000 491 qui
1038 432 1269 478 accurate
1322 430 1667 493 perpenderit,
1720 430 1764 478 is
1801 444 1902 478 non

205 505 394 567 poterit
448 504 679 552 dubitare
743 503 803 551 de
865 504 1004 551 uocis
1067 498 1321 565 ‘relinqui'
1383 496 1683 566 corruptela.
1771 503 1902 552 inter

209 577 468 640 relegendi
507 580 678 625 autem
717 579 768 624 et
804 577 991 624 iterum
1028 577 1098 624 in'
1118 577 1291 626 hostes
1329 577 1563 625 mittendi
1609 592 1902 626 commemo-

207 652 456 700 rationem
501 666 601 699 non
645 650 801 699 habet
844 651 1011 699 locum
1054 651 1154 698 nisi
1199 650 1252 697 icl
1291 651 1423 712 quod
1467 667 1516 699 u.
1565 651 1672 699 254
1720 650 1903 698 dicitur

211 721 550 774 ‘recollectam
587 740 764 773 rursus
803 719 971 772 locat'.
1047 739 1148 772 non
1193 724 1343 773 nimis
1383 727 1555 773 autem
1597 723 1784 773 litteris
1831 725 1903 772 in-
1974 776 1982 778 ν

208 798 518 847 haerendum
555 801 634 847 est
672 799 766 846 hoc
802 798 935 861 loco,
984 814 1097 846 cum
1144 801 1389 860 appareat
1433 798 1701 846 librarium
1739 792 1904 847 ‘relin-

207 867 310 935 qui'
367 873 627 934 scripsisse
679 887 837 934 praue
890 888 1161 920 memorem
1206 872 1303 921 loci
1351 872 1593 920 simillimi
1641 870 1724 934 [V.
1755 868 1902 933 223]

210 943 498 1009 ‘Soligenae
536 946 647 994 falli
684 946 854 994 meriti
884 945 1150 1008 meritique
1188 940 1439 1008 relinqui'.
1515 961 1643 1008 quae
1682 960 1794 993 cum
1832 945 1906 993 ita

209 1035 262 1070 se
301 1019 541 1082 habeant,
580 1020 819 1081 rescripsi
855 1020 906 1066 id
946 1020 1078 1081 quod
1117 1035 1147 1067 a
1171 1020 1422 1068 sententia
1458 1019 1602 1071 unice
1639 1019 1903 1081 flagitatur

208 1087 436 1155 ‘reponi'.

360 1168 465 1216 238
507 1168 699 1215 tardior
740 1166 998 1215 Heinsius:
1040 1167 1183 1215 altior
1220 1166 1280 1215 V.

361 1242 467 1288 247
509 1242 795 1301 twywantwr
832 1240 962 1288 Phil.
1002 1240 1312 1303 Wagnerus:
1354 1241 1638 1301 linqawntwr
1675 1239 1736 1288 V.

364 1315 468 1362 249
509 1316 711 1362 sustinet
746 1314 1007 1363 Heinsius:
1048 1314 1245 1363 susbalit
1280 1314 1342 1362 V.

366 1389 471 1436 258
511 1390 692 1448 accepit
728 1387 807 1435 bis
849 1388 1046 1449 scripsi:
1088 1389 1268 1436 accedit
1304 1388 1383 1436 bis
1422 1388 1484 1435 V.

362 1463 469 1509 264
511 1463 724 1510 calamos
764 1462 964 1523 scripsi:
1003 1477 1168 1510 ramos
1207 1462 1253 1507 V
1292 1462 1475 1523 inepte.

363 1536 468 1584 279
509 1535 683 1583 malim
725 1529 936 1583 ‘animos
977 1535 1143 1584 clades
1185 1530 1374 1598 auget'.

363 1610 469 1658 285
508 1610 645 1657 wrbis
682 1609 994 1672 Maduigius,
1035 1625 1151 1672 ego:
1191 1611 1358 1658 wrbem
1395 1609 1456 1658 V.

363 1684 470 1731 287
521 1685 590 1731 sic
635 1684 760 1742 furit
809 1683 1008 1744 scripsi:
1054 1685 1209 1732 inrwit
1253 1683 1323 1745 V,
1378 1682 1511 1744 quod
1563 1682 1644 1729 hic
1691 1681 1911 1729 nondum

213 1756 367 1804 habet
405 1756 592 1818 locum,
633 1756 693 1803 cs.
732 1773 780 1803 u.
822 1758 944 1807 292.

364 1832 467 1878 291
502 1831 751 1890 paruique
786 1832 924 1879 uiam
960 1831 1166 1879 didicere
1203 1834 1408 1891 nepotes,
1494 1830 1564 1878 sic
1612 1845 1672 1879 ex
1711 1827 1911 1877 Carrio-

213 1905 293 1951 nis
334 1904 500 1952 codice
548 1904 774 1952 scribunt
827 1904 1058 1966 pessime.
1135 1919 1408 1965 numquam
1454 1903 1586 1951 enim
1634 1896 1756 1950 uia'
1797 1901 1912 1950 sim-

216 1978 417 2040 pliciter
456 1994 547 2039 pro
587 1994 645 2026 eo
670 1978 802 2040 quod
842 1980 920 2026 est
960 1972 1107 2026 mos'
1147 1979 1231 2025 uel
1257 1970 1584 2025 ‘institutum'
1623 1977 1912 2038 usurpatur.

214 2051 262 2098 V
311 2051 465 2098 habet
513 2046 644 2098 ‘eam
691 2045 937 2098 dedicere'
984 2051 1115 2098 unde
1162 2051 1392 2099 litterula
1445 2045 1534 2097 ‘m'
1589 2049 1803 2098 traiecta
1855 2049 1913 2097 fit

221 2119 457 2186 ‘eadem'3
499 2124 677 2172 deinde
701 2125 917 2186 repetita
957 2124 1154 2186 syllaba
1195 2119 1283 2172 ‘di'
1306 2123 1578 2186 legendum
1602 2125 1680 2172 est
1720 2117 1914 2170 ‘eadem

214 2193 465 2246 didicere'.

364 2274 469 2320 296
518 2273 694 2331 focatis
742 2272 939 2333 scripsi:
987 2274 1178 2332 frondis
1223 2271 1284 2320 V.
1339 2298 1410 2304 —-
1466 2274 1807 2332 conspectaque
1850 2269 1912 2333 V,

218 2360 341 2393 corr.
381 2344 638 2393 Heinsius.

368 2419 475 2466 300
515 2434 574 2465 ex
627 2418 672 2464 V
727 2418 929 2467 restitui
982 2413 1101 2466 ‘non
1155 2434 1370 2480 usquam
1422 2412 1608 2479 uidet'3
1664 2417 1728 2465 ad
1783 2417 1915 2479 quod

224 2493 330 2540 sine
367 2491 472 2539 ullo
520 2492 723 2554 negotio
767 2486 836 2540 ‘te
877 2486 1062 2553 Cyrne'
1110 2494 1279 2539 mente
1313 2491 1688 2553 subintelleges.
1735 2490 1915 2539 deinde

219 2566 466 2627 lacunam,
513 2581 612 2627 qua
658 2565 967 2614 deformatus
1016 2568 1094 2614 est
1140 2581 1343 2628 uersus,
1399 2565 1596 2627 expleui
1649 2563 1913 2618 inserendo

223 2642 338 2686 ante
380 2633 575 2687 ‘instat'
614 2654 790 2687 uocem
829 2633 1044 2687 ‘acrior'.
1090 2665 1152 2670 —
1197 2643 1343 2699 utque
1379 2639 1721 2687 Burmannus:
1762 2638 1917 2698 adque

222 2713 282 2760 V.
324 2739 396 2744 —
433 2715 584 2762 instat
618 2713 878 2761 Heinsius:
917 2715 1070 2761 intrat
1106 2712 1167 2761 V.

371 2787 477 2835 303
517 2788 629 2835 hinc
664 2787 1006 2834 Burmannus:
1045 2787 1171 2835 hwnc
1208 2786 1268 2834 V.

377 2861 481 2908 305
520 2863 707 2921 yenitor
752 2862 910 2921 inquit
947 2876 1006 2907 ex
1043 2860 1091 2908 V
1129 2860 1355 2922 restitui,
1397 2860 1456 2909 cf.
1497 2859 1562 2908 ad
1600 2859 1680 2908 ΠΙ
1719 2860 1842 2908 481.

375 2935 479 2981 313
522 2937 676 2983 owmis
713 2934 954 2982 Kochius:
995 2936 1125 2982 ommi
1162 2933 1223 2982 V.
