1982 3120
154 126 217 169 VI
814 126 1172 171 PRAEFATIO.

154 259 311 318 tuere,
352 252 562 301 alterum
593 258 788 316 poetam
830 266 887 299 ex
927 251 1080 300 altero
1105 251 1343 319 hausisse,
1383 256 1495 318 quis
1518 270 1618 303 non
1657 255 1844 307 sentit?

155 328 297 391 quasi
334 341 457 374 uero
497 325 707 380 formula
752 325 833 374 illa
881 321 1021 374 ‘uera
1059 322 1296 391 propago'
1352 343 1451 376 non
1498 331 1841 396 unusquisque

152 407 299 465 poeta
360 399 611 448 Romanus
682 414 768 448 sua
831 405 1005 463 sponte
1067 401 1141 447 uti
1200 400 1466 463 potuisset!
1535 401 1623 451 sed
1691 405 1842 454 misso

155 473 449 523 Schenkelio
490 480 593 521 arte
618 475 785 537 potius
826 479 875 521 et
910 475 1099 521 ratione
1140 473 1258 537 quid
1299 473 1359 522 de
1398 474 1489 524 hac
1530 491 1582 525 re
1622 476 1840 527 iudican-

154 548 272 597 dum
313 549 376 596 sit
415 547 685 596 uideamus,
763 546 889 595 bene
931 553 1096 595 autem
1135 546 1539 611 distinguendum
1586 557 1662 600 est
1710 554 1843 601 inter

152 621 424 671 uerborum
488 620 835 670 similitudines
897 620 1133 685 quasdam
1195 636 1320 685 quae
1381 623 1512 671 inter
1574 624 1699 674 duos
1761 625 1842 674 uel

146 695 434 760 complures
474 701 645 759 poetas
685 694 1026 761 intercedunt,
1073 693 1122 743 id
1165 702 1261 761 est,
1307 697 1439 745 inter
1486 711 1568 746 eas
1617 698 1840 749 similitu·

152 770 292 818 dines
333 784 458 833 quae
499 783 588 818 sua
640 774 815 833 sponte
857 784 916 816 ex
955 768 1227 818 uerborum
1274 769 1499 819 formulis
1537 774 1842 836 proueniunt

152 850 202 892 et
243 858 324 891 eas
373 844 671 891 imitationes
712 858 801 891 seu
846 844 1012 907 potius
1059 842 1411 892 aemulationes
1459 860 1580 909 quas
1618 846 1842 896 imitandi

151 916 279 965 bene
335 918 521 965 conscii
576 916 882 966 admiserunt
934 923 1123 980 poetae.
1203 917 1434 966 fortuitae
1491 925 1657 968 autem
1708 919 1841 969 illius

151 990 486 1040 similitudinis
497 1031 511 1056 ,
564 1005 689 1054 quae
744 992 795 1038 in
850 990 1109 1040 uocabulis
1155 990 1494 1055 compluribus
1548 1008 1575 1041 a
1628 987 1842 1043 diuersis

150 1066 311 1129 poetis
358 1066 551 1113 iteratis
599 1066 844 1129 cernitur,
891 1071 994 1113 tres
1041 1065 1354 1130 potissimum
1402 1067 1603 1116 inuenio
1645 1082 1842 1117 causas:

151 1139 463 1204 memoriam,
518 1138 952 1204 consuetudinem,
1014 1138 1208 1203 linguae
1255 1139 1504 1189 Romanae
1566 1143 1840 1205 penuriam.

151 1227 266 1261 cum
328 1214 461 1261 enim
522 1226 695 1260 omnes
750 1212 957 1260 Romani
1020 1212 1288 1261 liberaliter
1350 1215 1565 1263 instituti
1625 1216 1841 1280 primum

152 1285 383 1352 Ennium,
424 1301 536 1334 mox
576 1285 837 1352 Lucilium,
877 1285 1054 1335 deinde
1095 1284 1365 1351 Vergilium
1405 1294 1454 1336 et
1491 1287 1751 1338 Horatium
1790 1291 1840 1338 in

150 1360 332 1409 scholis
379 1359 753 1424 diligentissime
803 1360 1086 1410 lectitarent
1146 1376 1358 1426 cumque
1417 1367 1558 1410 uates
1616 1378 1702 1412 eos
1758 1364 1841 1428 qui

151 1433 533 1498 praeclarissimi
581 1440 630 1482 et
679 1441 819 1482 erant
859 1440 908 1483 et
956 1433 1266 1484 habebantur
1317 1450 1586 1500 numquam
1639 1438 1690 1485 in
1737 1438 1840 1486 uita

150 1510 429 1572 posteriore
476 1508 619 1573 plane
667 1507 942 1574 abicerent,
991 1508 1076 1557 scd
1127 1510 1197 1557 eis
1246 1516 1496 1573 tamquam
1543 1509 1840 1559 fidelissimis

149 1584 199 1630 in
240 1584 374 1630 omni
414 1597 531 1631 casu
572 1581 837 1631 comitibus
878 1588 928 1631 et
966 1585 1018 1630 in
1058 1585 1172 1631 otiis
1213 1589 1263 1631 et
1300 1585 1352 1631 in
1377 1584 1590 1647 negotiis
1629 1583 1840 1634 delecta-

149 1662 349 1721 rentur,
389 1662 779 1705 consentaneum
820 1656 924 1704 fere
950 1663 1026 1705 est
1064 1656 1430 1714 illosssarmina
1470 1672 1644 1706 eorum
1682 1657 1839 1723 plera-

149 1745 245 1794 que
286 1732 523 1779 memoria
564 1732 799 1779 tenuisse.
887 1732 1029 1779 cuius
1070 1733 1142 1779 rei
1190 1730 1469 1795 exemplum
1515 1733 1707 1796 insigne
1759 1747 1839 1780 ex-

148 1803 286 1852 hibet
334 1803 521 1852 Seneca
568 1803 913 1870 philosophuS,
967 1806 1051 1868 qui
1096 1804 1336 1869 plurimos
1383 1804 1585 1870 Vergilii
1631 1807 1839 1855 maxime

151 1882 199 1926 et
240 1877 406 1926 Ouidii
445 1893 624 1926 uersus
666 1893 780 1926 cum
819 1877 957 1926 libris
998 1880 1102 1927 suis
1141 1880 1411 1927 inseruerit
1448 1880 1515 1927 ita
1555 1885 1719 1928 tamen
1759 1879 1839 1928 ad·

153 1952 249 2000 fert
297 1957 354 2000 ut
399 1951 694 2015 plerumque
742 1951 881 2000 illum
928 1967 1027 2001 non
1084 1952 1356 2019 euoluisse,
1412 1952 1498 2001 sed
1553 1955 1840 2003 memoriter

149 2024 423 2074 reddidisse
465 2041 638 2074 eorum
678 2032 902 2089 poemata
943 2032 1174 2090 appareat
1216 2025 1300 2088 [cs.
1341 2026 1577 2075 Aemilius
1617 2026 1840 2092 HermeS,

151 2104 339 2162 quaest.
405 2101 513 2148 crit.
567 2101 618 2147 in
676 2099 811 2165 Sen.,
866 2099 1088 2149 Meursae
1150 2098 1330 2163 1874}
1425 2106 1608 2165 quanto
1675 2106 1839 2150 autem

152 2174 306 2237 magis
354 2175 605 2237 principes
650 2174 701 2221 in
750 2189 839 2221 suo
887 2189 1069 2237 genere
1114 2180 1254 2223 uates
1310 2180 1554 2224 nocturna
1608 2189 1836 2223 uersasse

149 2261 312 2312 manu,
351 2262 580 2295 uersasse
620 2246 797 2295 diurna
821 2247 1106 2311 putabimus
1148 2263 1232 2296 eos
1274 2249 1358 2312 qui
1383 2250 1479 2312 ipsi
1503 2248 1562 2296 ad
1587 2247 1839 2298 Musarum

149 2320 335 2368 fontem
383 2327 524 2368 erant
563 2320 834 2370 accessuri!
884 2321 974 2369 hos
1013 2323 1187 2387 igitur,
1235 2336 1349 2369 cum
1396 2323 1612 2370 carmina
1658 2337 1837 2386 pange-

148 2400 282 2459 rent,
316 2400 490 2458 sponte
533 2410 621 2443 sua
661 2409 806 2458 saepe
847 2396 899 2442 in
938 2395 1135 2443 easdem
1175 2394 1446 2443 uerborum
1487 2395 1722 2444 formulas
1762 2397 1834 2444 in-

149 2467 326 2516 cidisse
402 2483 522 2532 quas
592 2469 642 2516 in
706 2467 1068 2532 exemplaribus
1141 2470 1243 2517 suis
1314 2470 1497 2518 iterum
1557 2470 1837 2533 iterumque

146 2540 383 2607 legerant,
423 2541 664 2605 numquid
704 2544 885 2590 mirum
912 2539 1022 2591 est‘?
1063 2542 1252 2591 accedit
1277 2542 1408 2606 quod
1448 2545 1498 2591 in
1532 2544 1839 2607 antiquitate,

148 2615 310 2678 siquid
353 2615 505 2663 semel
546 2615 671 2663 bene
712 2618 974 2664 inuentum
1013 2623 1117 2665 erat
1162 2619 1214 2664 in
1252 2616 1432 2665 litteris
1472 2615 1749 2681 artibusue,
1788 2616 1838 2664 id

149 2690 254 2736 sine
296 2689 479 2736 rubore
520 2704 546 2736 a
585 2689 946 2752 posterioribus
984 2692 1036 2738 in
1075 2691 1334 2754 proprium
1380 2704 1527 2738 usum
1566 2688 1838 2739 uocabatur

147 2768 198 2809 et
239 2764 377 2825 quasi
417 2764 467 2809 in
508 2777 767 2811 commune
811 2759 998 2811 bonum
1038 2765 1201 2812 cessit.
1248 2765 1345 2811 iam
1385 2764 1525 2826 siqua
1563 2763 1746 2812 locutio
1786 2765 1837 2811 in

146 2837 286 2898 poesi
305 2837 556 2883 ciuitatem
575 2843 680 2885 erat
704 2836 892 2901 adepta,
909 2843 965 2885 ut
982 2837 1280 2900 aliquotiens
1299 2842 1472 2901 metm,
1488 2838 1556 2885 ita
1573 2843 1835 2885 consuetu-

148 2907 260 2956 dine
300 2908 592 2972 plerumque
634 2911 802 2958 euenit
841 2916 897 2958 ut
944 2911 1038 2958 nisi
1078 2911 1228 2958 certis
1269 2925 1447 2958 uersus
1496 2909 1696 2959 sedibus
1736 2924 1836 2958 non
