2020 3120
578 134 1064 179 ARGONAUTICON
1094 134 1277 178 LIBER
1308 135 1341 178 Ι.
1751 137 1817 188 17

118 274 211 309 nec
245 258 477 324 scopulos
517 265 601 308 aut
639 264 780 307 antra
819 259 982 307 minax
1022 259 1159 320 iuxta
1197 258 1351 314 altera
1390 258 1537 308 tellus

38 383 52 387 γ,
117 334 365 383 cernitur:
403 331 484 389 illa
522 332 760 394 Acamans
801 323 990 381 habitat
1027 331 1292 396 nudusque
1332 331 1590 397 Pyragmo.

115 405 205 456 has
244 405 399 455 nimbi
437 408 675 470 uentique
717 402 906 456 domos*
928 411 978 455 et
1016 405 1252 470 naufraga
1292 414 1460 456 seruat

116 486 408 545 tempestas3
447 479 563 529 hinc
604 482 654 528 in
695 487 854 529 terras
894 480 1159 544 latumque
1186 480 1491 544 profundum
1725 490 1812 532 585

118 560 195 604 est
234 555 355 620 iter,
395 553 511 603 hinc
552 554 670 603 olim
709 554 839 603 soliti
878 555 1088 603 miscere
1128 554 1398 623 polumque

116 627 388 692 infelixque
431 625 615 677 fretum
655 623 843 695 (neque
885 629 1016 676 enim
1057 635 1176 676 tunc
1217 628 1397 677 Aeolus
1437 628 1533 677 illis

117 709 286 751 rector
325 709 455 768 erat,
494 701 645 766 Libya
684 717 798 750 cum
836 708 1094 765 rumperet
1134 702 1326 761 aduena
1366 701 1549 767 Calpen
1658 708 1707 737 Ξ
1729 704 1750 729 ⁴³

119 774 369 842 Oceanus,
410 791 524 825 cum
562 775 687 824 flens
729 774 922 823 Siculos
963 774 1199 824 Oenotria
1239 775 1361 824 fines

115 850 350 915 perderet
390 856 439 898 et
477 849 654 909 mediis
692 850 939 898 intrarent
977 848 1230 898 montibus
1269 844 1473 917 undae)⁷
1730 861 1818 901 590

116 925 333 973 intonuit
372 924 529 972 donec
569 922 763 987 pauidis
803 938 864 971 ex
904 922 1104 972 aethere
1145 925 1310 972 uentis

116 999 430 1062 omnipotens
468 1012 739 1061 regemque
779 997 935 1063 dedit,
975 1012 1125 1061 quem
1163 998 1298 1046 iussa
1338 1000 1507 1064 uereri
1568 1013 1739 1044 arcemn>
1764 1014 1831 1046 ras,

117 1086 266 1120 saeua
298 1071 499 1120 cohors:
539 1073 590 1119 in
630 1077 796 1120 monte
838 1070 1037 1136 chalybs
1077 1072 1352 1136 iterataque
1393 1074 1551 1121 muris

118 1160 232 1194 saxa
272 1145 472 1194 domant
509 1144 685 1194 Euros,
764 1161 878 1194 cum
916 1144 1014 1194 iam
1054 1144 1286 1193 cohibere
1330 1146 1632 1195 frementum

117 1234 204 1267 ora
244 1221 438 1285 nequit,
478 1235 567 1268 rex
600 1225 719 1268 tunc
759 1218 922 1268 aditus
964 1226 1012 1267 et
1052 1218 1268 1268 claustra
1308 1220 1539 1284 refringit
1729 1229 1815 1270 595

115 1286 221 1357 ip'se
263 1292 436 1341 uolens
474 1292 733 1357 placatque
773 1292 884 1342 data
924 1293 1027 1342 fera
1066 1308 1323 1342 murmura
1363 1300 1519 1358 porta.

115 1368 321 1415 nuntius
359 1366 493 1416 hunc
532 1366 655 1415 solio
693 1365 878 1415 Boreas
916 1366 1179 1431 proturbat
1218 1366 1278 1415 ab
1319 1367 1430 1417 alto,

116 1436 359 1505 ‘Pangaea
399 1441 532 1505 quod
571 1440 631 1489 ab
672 1456 785 1489 arce
826 1436 984 1490 nefas'
1026 1442 1114 1506 ait,
1156 1437 1346 1507 ‘Aeole‚
1386 1440 1511 1490 uidi!

117 1513 262 1562 Graia
301 1530 482 1564 nouam
520 1515 655 1564 ferro
694 1514 877 1580 molem
916 1521 1196 1574 commenta
1235 1516 1472 1564 iuuentus
1530 1492 1779 1552 2¹*“⁰²·²‘*³5*”

114 1590 278 1653 pergit
318 1596 365 1638 et
404 1590 594 1652 ingenti
632 1588 851 1653 gaudens
883 1588 1048 1638 domat
1087 1604 1302 1654 aequora
1342 1589 1487 1654 bello,
1725 1600 1811 1640 600

117 1677 208 1711 nec
248 1654 368 1711 mihi
407 1661 609 1711 libertas
647 1664 761 1712 imis
800 1663 926 1727 freta
967 1663 1138 1712 tollere
1179 1663 1428 1723 harenis*

117 1735 276 1800 qualis
315 1751 450 1793 eram
489 1736 710 1795 nondum
749 1736 928 1786 uinclis
969 1744 1018 1786 et
1044 1732 1257 1786 ‘carcere
1300 1735 1520 1786 clausus!

115 1808 232 1859 hinc
272 1811 421 1859 animi
460 1817 780 1875 structaeque
820 1812 944 1860 uiris
985 1811 1164 1860 fiducia
1204 1813 1400 1877 puppiS‚

117 1883 250 1948 quod
289 1883 481 1934 Borean
520 1883 614 1933 sub
654 1900 770 1949 rege
811 1884 998 1934 uident.
1077 1886 1137 1934 da
1176 1900 1403 1949 mergere
1445 1884 1621 1934 Graios

115 1959 434 2023 insanamque
475 1965 653 2008 ratem:
692 1958 762 2007 nil
800 1973 878 2008 me
919 1974 1027 2008 mea
1066 1961 1272 2024 pignora
1311 1966 1533 2023 tangunt.
1725 1969 1812 2010 605

116 2038 308 2081 tautum
345 2032 602 2081 hominum
641 2048 900 2098 compesce
941 2035 1098 2082 minas
1106 2074 1120 2099 ‚
1161 2033 1279 2082 dum
1318 2033 1462 2082 litora
1502 2035 1638 2083 iuxta

117 2104 350 2154 Thessala
389 2106 602 2155 necdum
641 2106 761 2156 aliae
801 2106 1038 2156 uiderunt
1078 2106 1299 2164 carbasa·
1319 2103 1517 2156 terrae.'

267 2179 480 2228 Dixerat.
559 2186 608 2228 at
647 2182 814 2229 cuncti
855 2180 1068 2229 fremere
1108 2182 1242 2229 intus
1283 2187 1333 2229 et
1373 2175 1590 2244 aequora
1628 2183 1770 2231 uenti

118 2268 340 2318 poscere.
419 2260 527 2302 tum
565 2252 727 2302 ualido
767 2246 1044 2303 contortam
1084 2253 1282 2302 turbine
1322 2260 1517 2319 portam

116 2326 297 2391 inpulit
335 2325 651 2391 Hippotades.
730 2327 944 2376 fundunt
983 2343 1035 2377 se
1076 2343 1276 2377 carcere
1317 2328 1433 2377 laeti
1725 2339 1813 2380 610

117 2399 335 2449 Thraces
375 2402 490 2465 equi
530 2399 885 2466 Zephyrusque
926 2407 976 2451 et
1015 2404 1151 2451 nocti
1191 2402 1424 2451 concolor
1464 2402 1563 2451 alas

117 2474 399 2524 nimborum
439 2490 552 2525 cum
591 2474 728 2539 prole
769 2474 927 2525 Noms
968 2477 1257 2541 crinemque
1297 2475 1530 2541 procellis

116 2549 341 2616 hffipglus
381 2555 431 2597 et
468 2547 620 2598 multa
658 2548 817 2599 ssauus
857 2556 1004 2614 caput
1037 2549 1204 2599 Eurus
1244 2550 1448 2615 harena3

116 2622 356 2672 induxere
396 2623 608 2672 hiemem
648 2638 898 2688 raucoque
940 2624 999 2672 ad
1038 2624 1181 2673 litora
1222 2631 1383 2674 tractu

119 2698 338 2757 unanimi
378 2697 503 2746 freta
542 2712 697 2746 curua
737 2698 904 2747 ferunt
942 2713 1035 2747 nec
1077 2698 1178 2747 sola
1218 2698 1449 2747 tridentis
1725 2707 1815 2748 615

120 2786 270 2834 regna
310 2777 535 2835 mouent3
573 2778 716 2821 uasto
754 2773 942 2837 pariter
980 2773 1082 2821 ruit
1120 2774 1295 2837 igneus
1336 2771 1508 2821 aether

119 2860 233 2893 cum
274 2845 461 2893 tonitru
500 2846 740 2910 piceoque
781 2847 962 2910 premit
1002 2861 1099 2895 nox
1138 2848 1300 2895 omnia
1341 2845 1490 2895 caelo

118 2920 314 2967 excussi
354 2915 580 2967 manibus
620 2921 744 2968 remi
785 2935 1124 2984 conuersaque
1167 2921 1382 2970 frontem

210 3009 292 3043 Val.
318 3010 490 3044 Flaccus.
1430 3010 1456 3048 2

1694 684 1704 720 ⁸}
1761 703 1766 715 3
1787 701 1838 713 ¹2⁴¹-
1862 694 1868 707 ’-
1900 690 1915 714 ’ξ
