1982 3120
811 71 1170 116 PRAEFATIO.
1754 69 1845 118 VH

143 196 477 264 adhiberetur.
554 194 779 260 exemplo
836 209 944 245 rem
988 193 1282 245 inlustrabo.
1369 201 1634 260 postquam
1688 197 1842 261 igitur

142 278 284 337 pater
322 269 513 319 Ennius
555 267 689 332 [ann.
729 266 862 332 266]
904 269 1052 319 dixit:

291 359 406 393 mox
445 343 642 393 auferre
681 343 854 392 domos
892 342 1064 408 populi
1103 358 1311 392 rumore
1348 345 1587 406 secundO,

142 418 263 468 illud
304 414 524 467 ‘rumore
565 413 806 466 secundo'
846 419 897 466 in
929 423 1032 467 tota
1054 418 1195 482 poesi
1220 416 1459 482 dactylica
1482 433 1582 466 non
1621 419 1841 482 positum

143 494 340 542 inuenis
395 493 493 541 nisi
554 493 607 540 in
668 491 766 540 fine
820 506 1001 540 uersus
1056 491 1343 540 hexametri.
1430 493 1501 540 sic
1561 491 1740 541 Sueius
1789 493 1841 540 in

144 566 408 632 annalium,
448 567 545 614 nisi
583 565 750 630 fallor,
788 563 916 613 libro
958 564 996 611 V
1038 563 1281 628 [Lucilius
1323 564 1396 614 ed.
1429 564 1482 614 L.
1507 565 1569 615 M.
1608 581 1655 630 p.
1681 563 1841 629 311]:

293 666 362 673 —
403 639 637 705 redeunt,
677 639 904 687 referunt
940 638 1056 688 laeti
1094 653 1302 688 rumore
1339 633 1630 706 secund0*)

145 722 194 763 et
232 713 474 777 Vergilius
516 711 647 774 [VIII
686 709 804 775 90]:

291 802 408 851 ergo
447 788 543 835 iter
581 788 835 851 inceptum
872 792 1119 851 peragunt
1156 801 1362 836 rumore
1400 788 1623 836 secundo

143 868 194 910 et
231 860 466 910 Horatius
507 859 673 925 [epist.
713 859 735 908 I
778 857 860 925 10,
900 857 983 922 9]:

290 950 415 999 quae
455 949 546 983 uos
586 934 646 982 ad
686 934 878 983 caelum
918 934 1107 983 effertis
1147 949 1354 984 rumore
1391 937 1615 985 secundo

140 1016 193 1058 et
233 1008 529 1058 Claudianus
571 1007 746 1072 [epith.
786 1007 903 1056 Pall.
946 1015 995 1056 et
1035 1007 1133 1057 Cel.
1176 1006 1295 1071 63]:

290 1085 497 1132 secessit
534 1084 672 1146 regio
706 1098 803 1146 quo
843 1097 944 1130 non
983 1097 1189 1132 rumore
1227 1085 1465 1132 secundo.

140 1171 317 1221 parum
334 1163 499 1205 autem
516 1155 751 1205 credibile
771 1162 846 1205 est
862 1162 947 1204 aut
957 1154 1227 1220 Vergilium
1244 1155 1570 1205 Horatiumue
1591 1155 1740 1205 Ennii
1758 1156 1838 1205 uel

141 1230 261 1280 Suei
286 1237 370 1280 aut
387 1230 709 1280 Claudianum
724 1229 915 1278 Horatii
933 1229 1014 1278 uel
1032 1229 1233 1294 Vergilii
1258 1231 1412 1279 fuisse
1431 1230 1557 1279 bene
1575 1245 1838 1296 memoreS‚

141 1320 255 1354 cum
301 1312 547 1369 ponerent
600 1304 722 1354 illud
775 1300 996 1353 erumore
1046 1300 1302 1354 secundo'.
1394 1306 1544 1353 immo
1599 1307 1839 1354 memoria

140 1394 196 1428 ac
235 1378 595 1428 consuetudine
636 1386 773 1428 certa
812 1377 1051 1428 formulae
1093 1378 1225 1428 illius
1266 1378 1410 1428 sedes
1450 1385 1565 1427 nata
1605 1385 1693 1429 est.
1764 1381 1835 1428 in—

139 1468 345 1502 numera
407 1460 573 1502 autem
636 1454 742 1502 eius
805 1451 937 1517 quod
1000 1452 1146 1500 modo
1210 1455 1597 1502 commemoraui
1661 1453 1838 1502 similia

139 1527 361 1591 exempla
423 1533 633 1591 possunt
688 1527 867 1575 afferri.
961 1542 1087 1590 quae
1143 1542 1257 1575 cum
1311 1529 1520 1576 maxima
1583 1543 1643 1575 ex
1694 1534 1836 1592 parte

138 1601 382 1650 Antonius
421 1600 662 1666 Zingerle,
701 1600 848 1649 homo
889 1600 1114 1666 diligens,
1153 1602 1205 1648 in
1244 1600 1371 1649 libro
1412 1616 1512 1650 non
1551 1600 1716 1650 inutili
1756 1604 1837 1650 cui

138 1676 434 1739 inscriptum
475 1681 551 1724 est
591 1670 820 1723 ‘Ouidius
861 1674 962 1723 und
1003 1676 1111 1723 sein
1136 1674 1442 1724 Verhiiltniss
1482 1691 1542 1724 zu
1583 1675 1679 1724 den
1716 1674 1834 1724 Vor-

139 1753 359 1813 gangern
429 1749 531 1798 und
593 1748 969 1813 gleichzeitigen
1032 1748 1318 1798 romischen
1381 1745 1640 1798 Dichtern'
1704 1765 1834 1799 corn-

136 1825 386 1888 posuerit,
434 1822 716 1887 singillatim
766 1837 1060 1871 enumerare
1100 1825 1296 1889 omitt03
1350 1823 1445 1872 hoc
1492 1830 1657 1872 tamen
1710 1824 1834 1884 addo

138 1911 230 1945 nec
270 1896 602 1961 Zingerleium
642 1898 761 1945 satis
801 1896 1086 1946 distinxisse
1127 1897 1476 1946 similitudines
1517 1898 1746 1947 fortuitas
1787 1904 1837 1947 et

138 1985 220 2019 eas
259 1972 558 2020 imitationes
599 1985 724 2035 quae
765 1970 991 2020 consulto
1040 1970 1249 2035 dataque
1299 1986 1449 2036 opera
1498 1978 1616 2020 sunt
1662 1973 1833 2021 factae.

138 2044 196 2092 ad
237 2059 358 2108 quas
397 2046 495 2094 iam
532 2051 856 2094 transeamus.

287 2118 427 2175 Quod
477 2118 537 2166 de
577 2118 770 2166 Nasone
819 2124 1029 2167 testatur
1071 2118 1259 2167 Seneca
1299 2118 1469 2167 rhetor
1519 2117 1587 2183 [p.
1627 2117 1722 2186 27,
1766 2117 1835 2169 14

139 2190 363 2254 Kiessl.]:
411 2187 595 2256 ‘itaque
636 2192 814 2240 secisse
855 2191 994 2241 illum
1042 2192 1174 2256 quod
1214 2194 1265 2241 in
1305 2192 1475 2242 multis
1523 2192 1629 2242 aliis
1676 2195 1834 2243 uersi-

137 2264 230 2314 bus
278 2263 478 2330 Vergilii
511 2265 740 2331 -fecerat‚
795 2281 895 2314 non
952 2265 1261 2330 subripiendi
1309 2282 1477 2332 causa,
1533 2267 1619 2316 sed
1674 2267 1835 2332 palam

138 2334 543 2408 aemulandi**),
583 2339 677 2388 hoc
725 2334 887 2388 animo
929 2346 985 2389 ut
1022 2339 1176 2389 uellet
1215 2336 1459 2407 agnosci',
1515 2340 1563 2389 id
1620 2340 1679 2390 de
1727 2348 1833 2391 toto

137 2412 230 2460 hoc
271 2414 559 2462 imitationis
599 2413 763 2462 studio
804 2413 1070 2463 dicendum
1112 2421 1200 2463 est.
1278 2416 1443 2479 itaque
1492 2420 1549 2464 ut
1587 2414 1833 2479 Vergilius

256 2554 296 2610 ²¹⁶⁴)
329 2555 554 2599 traditum
598 2557 670 2599 est
711 2555 880 2612 ‘petita
918 2570 1102 2600 rumore
1151 2557 1391 2613 secumIo',
1432 2557 1557 2612 quod
1599 2556 1832 2614 corrigere

134 2613 306 2657 studui.
366 2616 475 2670 post
506 2628 561 2658 ea
591 2613 716 2658 enim
747 2628 868 2670 quae
893 2630 1033 2671 supra
1057 2615 1152 2658 dixi
1176 2630 1312 2660 nemo
1344 2617 1440 2659 iam
1473 2631 1578 2660 cum
1602 2616 1650 2659 L.
1685 2616 1832 2660 Muel-

138 2673 235 2716 lero
266 2672 423 2716 locum
452 2673 799 2730 transponendo
832 2674 1027 2718 sanabit.

228 2730 295 2786 **)
331 2731 606 2776 ‘emulandi’
642 2732 826 2790 scripsi:
863 2733 1113 2777 ‘mutandi'
1151 2733 1281 2777 codd.
1338 2733 1436 2777 sine
1469 2747 1623 2789 sensu3
1660 2735 1831 2779 ‘mutu-

136 2790 265 2891 {tndi’
324 2789 652 2848 Kiesslingius‚
713 2794 839 2836 recte
893 2793 1052 2848 utique
1112 2793 1149 2836 si
1203 2793 1393 2836 ‘uerbis’
1446 2808 1530 2850 pro
1578 2794 1828 2838 ‘uersibus’

157 2851 382 2905 egei-etur.
