1982 3120
787 132 871 175 AD
902 130 1015 175 LIB.
1047 130 1124 174 IV.
1701 129 1804 174 XLI

39 296 41 300 ,
259 259 364 307 536
413 261 456 307 et
502 259 670 318 longae
715 255 914 318 scripsi:
959 257 1163 316 alomae
1208 254 1276 316 V3
1324 253 1385 302 cf.
1423 254 1671 302 Analecta
1711 253 1801 302 Ca-

106 333 323 382 tulliana
357 349 408 394 p.
448 333 535 379 42.

23 415 45 479 ,ῤ’
258 407 364 454 564
420 420 528 454 metm
578 405 778 453 uincula
826 404 999 452 mwndi
1049 404 1152 451 ima
1206 403 1395 456 labant,
1450 404 1648 450 tremere
1702 416 1802 450 cccc

24 482 30 498 ’
107 482 263 529 sobam
308 495 409 541 eqs.
455 477 715 540 Heinsius,
769 493 883 525 cum
934 477 1062 525 bene
1115 475 1312 524 uideret
1364 475 1525 523 latere
1581 475 1672 523 sub
1719 475 1799 524 his

25 552 30 554 ’
107 553 277 602 uerbis
347 551 792 614 comparationem,
855 545 965 599 ‘ceu
983 577 1051 583 —-
1069 543 1261 598 labent'
1330 548 1590 610 rescripsit
1649 549 1800 611 idque

107 627 296 689 recepit
341 626 502 675 Thilo.
589 625 676 673 sed
721 625 774 672 in
828 625 922 672 hac
975 624 1260 672 coniectura
1313 623 1573 672 offensioni
1627 623 1806 685 utique

34 720 42 729 .
108 704 186 749 est
225 700 357 762 quod
394 700 551 748 uerba
590 693 825 747 ‘tremere
849 712 961 745 ecce
994 698 1171 759 solum,
1210 700 1427 745 tremere
1458 697 1570 758 ipsa
1592 698 1801 759 repente

105 776 243 823 tecta
295 768 458 822 uides'
511 773 649 820 nullo
705 771 851 820 modo
907 770 1138 819 absolute
1191 773 1404 832 possunt
1457 771 1590 831 poni.
1683 769 1805 832 quid

109 848 244 896 enim
282 846 497 910 Cyaneis
537 860 651 894 cum
686 843 870 893 tectis?
907 844 1078 906 itaque
1123 844 1247 892 haec
1294 859 1489 906 quoque
1534 843 1693 891 uerba
1739 842 1806 891 ad

109 921 533 983 comparationem
577 919 719 967 illam
762 919 1015 980 pertinere
1070 920 1296 980 apparet.
1379 918 1496 965 hinc
1543 916 1806 965 emendaui

110 990 290 1056 ‘quasi‚
343 994 545 1042 uincula
583 992 756 1040 mundi
809 1007 921 1040 cum
980 993 1082 1040 ima
1140 992 1339 1053 labant,
1399 985 1638 1039 tremere'
1700 985 1802 1052 eqs.

107 1070 375 1131 postquam
413 1067 546 1115 enim
584 1061 768 1129 ‘quasi'
808 1067 925 1129 post
949 1059 1107 1114 ‘suas'
1144 1065 1479 1127 interlapsum
1517 1067 1612 1126 est,
1653 1058 1805 1112 ‘cum'

107 1142 308 1190 traiecit
344 1141 387 1189 is
435 1141 520 1204 qui
557 1143 720 1189 metro
759 1136 864 1188 iam
902 1138 1204 1188 claudicanti
1241 1139 1462 1187 uoluerit
1501 1153 1803 1187 succurrere.

110 1242 179 1248 —
235 1217 459 1263 ceterum
521 1214 752 1263 similiter
813 1213 874 1261 de
928 1214 1021 1261 hoc
1073 1204 1199 1260 loco’
1240 1212 1420 1260 statuit
1477 1212 1802 1259 Schenkelius

110 1287 273 1351 [studz
312 1306 362 1352 p,
405 1285 512 1349 14].
1031 1320 1034 1322 -

259 1364 365 1411 566
406 1375 619 1422 aequora
654 1364 851 1410 uertunt
888 1356 1085 1422 scripsi:
1126 1374 1338 1421 aequora
1377 1363 1561 1408 certam}
1597 1359 1656 1405 V.

261 1436 365 1485 572
415 1437 500 1495 fiet
543 1435 742 1497 scripsi:
788 1435 925 1494 ficret
966 1434 1028 1483 V.
1113 1434 1288 1482 eodem
1333 1432 1480 1482 modo
1531 1432 1657 1480 VIII
1699 1432 1805 1481 338

111 1504 389 1558 ‘succedet'
427 1510 481 1556 in
519 1502 846 1557 ‘succederet'
887 1509 1180 1570 corruptum
1219 1509 1311 1556 est.

266 1585 372 1633 596
414 1597 555 1632 caeca
578 1585 752 1644 teyitur
791 1597 827 1630 c.
852 1596 1053 1642 campus
1074 1581 1424 1643 Marklandus,
1464 1580 1810 1627 Burmannus:

110 1672 264 1707 saeua
300 1658 517 1717 sequitwr
554 1672 591 1705 c.
631 1671 826 1716 campos
862 1655 924 1705 V.

261 1731 363 1779 601
415 1731 527 1779 husie
572 1730 771 1792 scripsi:
817 1730 895 1778 hic
938 1728 999 1776 V.
1049 1755 1123 1762 --
1166 1731 1345 1788 fluento
1398 1727 1658 1776 Heinsius:
1712 1740 1812 1774 me-

109 1809 266 1854 mento
301 1803 362 1851 V.

264 1879 369 1927 624
409 1879 550 1926 se‘wite
586 1892 613 1926 o
641 1891 822 1938 precor
860 1877 1059 1938 scripsi:
1099 1878 1214 1925 sileo
1243 1890 1421 1936 precor
1459 1874 1519 1922 V.
1561 1874 1620 1922 cf.
1652 1874 1812 1935 Verg.

268 2026 372 2074 645
412 2025 613 2085 deficere
648 2025 992 2073 Burmannus:
1032 2025 1235 2085 deftyere
1273 2023 1333 2071 V.

266 2100 371 2147 646
412 2099 542 2159 lapsi
580 2097 849 2146 Graeuius:
887 2100 1021 2159 rapti
1058 2097 1118 2144 V.

264 2173 366 2221 651
410 2178 532 2220 certe
569 2187 630 2219 ex
665 2170 717 2218 V
750 2171 965 2219 restitui.
1079 2220 1101 2242 r

266 2246 369 2293 652
412 2259 579 2294 caecus
618 2248 723 2292 erat
760 2244 967 2293 conieci:
1006 2244 1261 2293 Peculcrat
1295 2243 1356 2292 V.

267 2319 371 2367 653
413 2323 537 2367 certo
577 2318 775 2380 scripsi:
816 2318 953 2366 credo
992 2317 1054 2365 V.

267 2394 367 2441 661
413 2394 536 2441 sicut
573 2391 922 2440 Schenkelius:
963 2393 1033 2440 sic
1069 2392 1153 2439 ubi
1191 2390 1251 2437 V.

268 2467 373 2514 664
414 2469 552 2514 cortus
587 2465 998 2514 Friesemannus:
1040 2479 1184 2513 aures
1221 2464 1281 2510 V.

269 2541 373 2588 669
414 2541 571 2600 feruet
608 2539 806 2601 scripsi:
836 2539 1017 2600 pendet
1051 2538 1112 2585 V.

267 2614 372 2662 674
415 2629 484 2675 sq.
527 2607 717 2673 ‘sequor
754 2628 782 2661 0
820 2614 1103 2673 qudcumque
1127 2606 1358 2675 deorwm',
1397 2611 1675 2669 Aesonides,
1717 2604 1814 2657 ‘uel

116 2681 264 2746 falli?
304 2688 386 2734 ait.
462 2687 535 2734 ita
573 2686 633 2734 V.
711 2702 838 2748 quae
877 2702 990 2734 cum
1029 2688 1204 2747 aperte
1244 2685 1344 2733 sint
1383 2685 1682 2746 deprauata,
1723 2684 1813 2730 aut

118 2753 220 2808 ‘uel
257 2753 426 2807 fallor'
466 2763 555 2808 aut
587 2754 696 2808 ‘nec
718 2754 887 2808 fallor'
929 2762 1015 2808 aut
1057 2754 1144 2807 ‘nil
1171 2753 1324 2807 fallis'
1356 2773 1626 2819 reposuere
1666 2755 1812 2804 docti.

119 2833 206 2881 sed
243 2833 347 2881 tale
387 2833 625 2896 additum,
663 2830 791 2882 nihil
831 2849 883 2882 se
922 2833 1154 2882 dubitare
1194 2833 1254 2880 de
1295 2832 1473 2880 ominis
1523 2831 1660 2879 illius
1701 2845 1815 2877 auc-

117 2909 249 2970 tore,
288 2921 388 2955 non
426 2906 659 2955 conuenit
695 2907 941 2956 Iasonem.
990 2907 1107 2968 quid
1146 2907 1251 2954 fere
1283 2905 1507 2968 postulet
1548 2904 1811 2965 sententia,
