1982 3120
164 119 200 162 L
835 118 1180 163 PRAEFATIO

315 244 421 291 413
464 246 726 291 cernamur
765 243 963 325 scripsi:
1006 245 1268 292 tenduntur
1306 245 1366 291 V.

315 310 427 364 414
463 317 602 376 ferra
641 315 837 377 scripsi:
877 317 1022 376 frena
1058 317 1118 364 V.

313 391 419 438 416
462 391 634 438 axibus
666 405 781 472 ego:
821 391 1043 438 curribus
1079 388 1126 435 V
1164 405 1190 437 e
1220 408 1277 442 11.
1315 391 1647 452 praecedenti.

314 465 421 512 417
478 465 594 511 moti
648 463 845 525 scripsi:
907 478 1115 523 usquam
1166 463 1228 512 V.
1284 490 1353 496 —
1407 467 1591 514 mittere
1633 470 1856 526 pareunt

175 536 345 585 addidi
382 538 436 584 in
473 537 591 584 fine:
611 551 780 595 neque
817 539 870 584 iu
898 540 1034 597 peste
1062 538 1301 585 reuinctos
1338 537 1400 586 V.

315 612 422 658 426
463 605 690 657 malim
695 626 785 671 per
822 605 978 672 iuga’.

315 685 423 732 430
465 678 676 745 eregina'
715 699 871 745 praue
919 687 1270 745 suspectarunt
1307 685 1554 733 nonnulli:
1588 686 1662 737 cf.
1704 686 1857 749 Verg.

167 758 292 807 Aen.
333 758 357 804 I
397 759 502 805 411
547 773 634 819 sq.,
674 757 786 805 alia.

315 833 422 879 437
464 832 593 879 datis
633 830 829 892 scripsi:
876 833 998 879 satis
1036 831 1103 894 V,
1155 831 1286 893 quod
1325 848 1416 893 pro
1458 848 1514 880 30
1555 833 1688 894 quod
1726 832 1861 880 effla-

165 905 362 968 gitatur
416 899 678 952 ‘serendis'
733 904 954 965 positum
1008 920 1118 952 esse
1170 906 1255 952 uix
1309 908 1362 953 et
1412 921 1474 953 ne
1528 906 1613 953 uix
1660 906 1862 968 quidem

167 978 404 1027 credibile
445 981 535 1026 est.
613 980 835 1025 ceterum
872 993 1002 1025 nunc
1034 978 1176 1026 doleo
1218 979 1350 1040 quod
1388 981 1504 1040 post
1526 979 1685 1027 uerba
1724 973 1859 1027 ‘den-

165 1053 303 1100 tibus
350 1045 518 1113 hydri'
565 1051 712 1098 unius
759 1067 938 1099 uersus
990 1052 1223 1099 lacunam
1278 1068 1379 1100 non
1430 1052 1662 1100 indicaui.
1744 1067 1861 1100 nam

168 1129 220 1174 et
265 1124 511 1173 enuntiati
559 1124 858 1187 subiectum,
907 1140 972 1172 sc.
1021 1119 1340 1173 eColchorum
1385 1119 1507 1188 rex’,
1563 1128 1614 1174 et
1660 1141 1859 1188 pugnae

169 1201 344 1248 contra
406 1198 690 1260 terrigenas
755 1198 922 1246 obitae
995 1195 1076 1259 [cf.
1138 1215 1186 1247 11.
1252 1196 1382 1260 451]
1455 1199 1859 1248 commemoratio

175 1273 328 1321 deest.

318 1348 424 1394 443
466 1348 634 1406 mqens
671 1345 881 1392 Bonon:
920 1336 1049 1404 iqm's
1087 1345 1225 1392 codd.

317 1421 425 1467 444
463 1421 674 1479 recoquit
713 1418 1021 1466 Gronouius:
1060 1419 1224 1465 recolit
1261 1419 1400 1467 codd.

319 1494 423 1540 452
476 1508 563 1540 nec
612 1494 690 1540 eui
734 1493 888 1540 medio
937 1491 1136 1552 scripsi:
1190 1506 1276 1539 nec
1327 1493 1481 1540 medio
1527 1492 1579 1539 M
1627 1485 1770 1558 (nam
1815 1492 1862 1539 V

171 1567 252 1615 hic
292 1559 480 1631 deficit)
520 1567 593 1614 ita
630 1569 688 1613 ut
736 1581 765 1612 a
811 1582 875 1613 m.
917 1580 1011 1612 sec.
1053 1559 1220 1626 ‘quae'
1262 1565 1488 1612 additum
1529 1565 1607 1614 sit.

318 1642 424 1688 461
466 1654 540 1687 eu·
560 1642 664 1688 iam
703 1638 902 1700 scripsi:
944 1640 1087 1686 etiam
1131 1638 1269 1686 codd.

317 1716 423 1762 473
466 1714 772 1773 adfectusque
811 1711 1008 1773 scripsi:
1049 1712 1337 1771 adfatusque
1367 1711 1505 1759 codd.

319 1789 424 1835 492
466 1789 636 1836 uarios
676 1785 874 1847 scripsi:
912 1799 1088 1833 uernae
1126 1784 1197 1846 V3
1238 1785 1298 1832 cf.
1338 1784 1462 1833 Aen.
1502 1784 1574 1832 VI
1617 1786 1735 1833 708.

319 1863 424 1909 499
467 1862 632 1908 innisa
670 1860 743 1907 M:
784 1861 974 1907 iniussa
1011 1859 1071 1904 V.

321 1935 426 1982 505
468 1931 662 1994 fulgure
702 1932 899 1994 scripsi:
941 1933 1123 1992 friqore
1159 1931 1206 1977 V
1243 1931 1425 1993 inepte.

321 2009 429 2055 520
468 2008 639 2055 eedwnt
677 2005 876 2067 scripsi:
915 2006 1117 2053 redewnt
1153 2005 1212 2052 V.

322 2082 426 2128 522
470 2081 582 2128 altis
618 2080 832 2127 Balbus:
873 2080 995 2126 atris
1031 2077 1091 2124 V.

321 2155 426 2202 526
467 2154 727 2213 tumefacta
763 2152 903 2199 Itali:
943 2152 1221 2211 tremefacta
1257 2151 1318 2197 V.

322 2229 427 2275 527
470 2228 610 2286 quale
645 2228 700 2274 iu
740 2225 937 2287 scripsi:
978 2226 1167 2284 qualem
1204 2223 1265 2271 V.

323 2301 428 2348 528
460 2301 722 2360 procedere
760 2298 1090 2346 Schraderus:
1123 2298 1390 2358 producere
1427 2296 1487 2344 V.

323 2374 428 2421 535
469 2374 615 2421 simul
653 2376 828 2433 aquota
866 2371 934 2432 V,
974 2386 1099 2418 corr.
1137 2371 1472 2418 Burmannus.

321 2447 426 2494 546
469 2447 693 2495 caedibus
729 2444 989 2492 Heinsius:
1030 2443 1257 2491 laudibus
1293 2442 1357 2491 V.

322 2521 426 2568 553
470 2521 592 2580 puto
634 2511 940 2580 eutrimque'.

325 2593 617 2642 572-574
657 2594 773 2654 post
811 2608 859 2639 11.
901 2591 1005 2638 562
1047 2589 1300 2652 ponendos
1339 2591 1477 2650 puto.

325 2667 430 2715 572
473 2667 644 2726 eoecipit
684 2664 880 2726 scripsi:
922 2665 1066 2724 exiqit
1093 2663 1154 2712 V.

325 2742 431 2788 570
477 2740 635 2787 reddit
679 2741 839 2787 amato
879 2735 907 2796 (
902 2751 1058 2785 auaro
1066 2737 1113 2796 ,9)
1162 2735 1359 2797 scripsi:
1406 2735 1598 2784 reddita
1643 2749 1757 2783 caro
1804 2733 1864 2781 V.

175 2839 245 2846 —-
284 2828 437 2860 uersu
489 2811 773 2874 insequenti
826 2827 885 2858 ex
938 2810 985 2856 V
1037 2809 1239 2858 restitui
1294 2802 1553 2856 ebreuibus
1619 2801 1865 2869 ereptus'3
1965 2854 1968 2861 ,

173 2886 232 2934 cf.
274 2886 338 2933 ad
377 2886 455 2932 III
495 2887 617 2933 481.

1971 2397 1976 2400 ·
1966 2134 1982 2356 *annu-nan...
