1982 3120
793 147 878 191 AD
908 148 1020 192 LIB.
1053 147 1154 192 VII.
1632 167 1639 172 ·
1723 148 1827 193 LIII

279 275 381 322 159
423 273 492 322 sis
529 273 654 321 hwnc
691 272 783 320 Ph.
821 271 1128 334 Wagnerus:
1168 275 1321 321 tecum
1359 273 1420 320 V.

279 349 381 395 161
424 347 607 407 defecta
642 345 958 408 Meynckius:
998 347 1192 407 decepta
1221 346 1282 393 V.

253 420 383 468 '164
415 421 506 468 tori
538 419 737 481 scripsi:
767 433 978 480 praecor
1006 419 1055 466 V
1094 434 1154 468 ex
1191 434 1344 468 uersu
1383 420 1574 481 priore.
1623 420 1823 468 omnino

126 509 250 556 opus
275 496 353 542 est
376 493 612 556 genetiuo
634 493 851 555 quodam
877 492 942 541 ad
966 487 1226 544 ‘amorem'
1251 507 1428 541 uocem
1460 493 1648 542 addito.
1705 494 1825 542 olim

122 567 431 616 conieceram
471 561 628 615 ‘istud
667 581 764 629 quo
802 580 882 614 me
905 566 1185 615 frustratur
1208 567 1447 616 acerbum
1470 566 1614 615 uince
1648 562 1822 629 prior'.

279 642 383 689 165
424 640 515 688 ilh’o
552 644 658 689 atro
698 638 896 701 scripsi:
937 641 1027 688 illa
1063 654 1202 689 sacro
1240 641 1302 688 V.
1336 640 1340 644 ’

278 715 379 762 169
422 715 642 763 cantibus
697 712 895 774 scripsi:
951 714 1111 761 soma&
1163 717 1208 761 et
1257 714 1303 760 V
1359 730 1417 761 ex
1464 714 1613 763 foeda
1667 714 1819 762 inter-

124 787 377 851 polatione
415 789 532 849 post
568 786 706 835 uocis
746 785 993 849 genuinae
1030 785 1376 849 interlapsum.

277 863 377 909 171
421 864 589 909 eontra
634 859 834 922 scripsi:
891 859 1054 909 Venus
1098 860 1146 907 V
1193 875 1252 907 ex
1299 861 1485 922 glossa.
1570 876 1688 909 nam
1735 866 1823 909 aut

125 934 417 996 simpliciter
458 927 667 982 ‘Venus'
708 935 797 982 aut
836 927 1018 982 ‘mater
1064 928 1329 982 Amorum'
1378 934 1597 983 scribere
1646 935 1821 983 debuit

121 1007 380 1071 Valerius⁷
434 1022 547 1055 cum
590 1008 686 1055 hoc
739 1007 803 1054 ad
856 1007 983 1055 illud
1035 1023 1126 1070 per
1181 1008 1547 1070 appositionem
1594 1008 1824 1056 additum

122 1081 308 1129 mirum
346 1083 590 1143 quantum
626 1080 839 1143 frigeat3
879 1083 1102 1129 ceterum
1148 1079 1209 1129 cf.
1255 1081 1409 1143 Verg.
1457 1081 1582 1129 Aen.
1621 1082 1672 1129 Π
1712 1083 1819 1131 325

126 1157 180 1204 et
217 1154 315 1202 XII
355 1155 478 1204 807.

276 1229 381 1276 174
429 1229 547 1288 quin
583 1228 843 1277 Heinsius:
885 1244 979 1276 om.
1028 1229 1088 1276 V.
1166 1222 1325 1291 ‘quin'
1379 1228 1513 1290 apud
1559 1228 1822 1277 Valerium

130 1316 279 1363 saepe
317 1317 408 1362 pro
448 1317 506 1349 eo
547 1301 680 1364 quod
719 1303 796 1350 est
836 1296 963 1350 ‘sed'
1003 1301 1287 1352 adhibetur.

279 1376 381 1423 178
425 1375 689 1424 Haemonii
728 1375 928 1437 scripsi:
966 1372 1151 1424 Aesoni
1187 1376 1248 1424 V.

276 1450 379 1497 186
420 1450 601 1509 arripit
638 1448 836 1511 scripsi:
877 1450 1049 1509 aspicit
1086 1450 1146 1497 V.

275 1523 379 1571 198
418 1536 549 1570 masne
588 1526 631 1570 et
668 1526 754 1571 tua
794 1523 996 1584 scripsi:
1035 1538 1168 1571 nune
1198 1524 1243 1571 si
1281 1527 1365 1571 tua
1404 1523 1465 1571 V.

250 1589 384 1644 Α200
423 1595 598 1656 quidm
637 1589 922 1662 (=quippe
962 1592 1107 1661 quid)
1149 1612 1265 1659 ego:
1306 1597 1482 1656 quidue
1520 1596 1581 1643 V.

276 1670 380 1717 201
422 1683 508 1717 nec
539 1669 738 1731 scripsi:
776 1670 863 1718 hoc
901 1670 968 1732 V3
1010 1669 1068 1717 cf.
1110 1669 1234 1718 Aen.
1265 1669 1337 1718 IX
1381 1671 1463 1718 10.

169 1746 181 1760 ⁸
275 1743 379 1791 213
420 1743 516 1792 ista
556 1742 755 1804 scripsi:
794 1746 905 1803 ipsa
942 1743 1003 1791 V.

275 1817 381 1863 214
419 1817 490 1864 sie
529 1815 724 1865 Carrio:
763 1817 840 1865 hie
877 1817 938 1864 V.
979 1844 1048 1849 ——
1088 1817 1262 1865 malim
1301 1810 1557 1879 ‘carique'.

275 1890 380 1937 226
421 1893 476 1938 ut
511 1892 613 1938 iam
650 1894 931 1951 reputentwr⁴
968 1890 1233 1940 Heinsius:
1273 1893 1417 1939 etiam
1455 1894 1730 1951 repetemur
1761 1890 1822 1938 V.

281 1964 387 2016 229,
424 1964 645 2025 maligna
685 1963 884 2026 scripsi:
923 1965 1155 2025 maliqnis
1193 1964 1254 2012 V.

278 2038 385 2086 230
432 2037 601 2087 luserit
643 2037 904 2086 Heinsius:
953 2039 1150 2087 cluserit
1185 2038 1246 2085 V.
1288 2064 1357 2070 —-
1403 2039 1574 2087 messis
1626 2037 1822 2085 Carrio:

124 2112 303 2159 mensis
341 2109 402 2158 V.

275 2184 384 2231 240
423 2187 559 2231 tuum
598 2184 802 2245 scripsi:
840 2199 995 2232 unum
1033 2184 1094 2230 V.

275 2257 382 2305 243
424 2251 600 2305 dubiae
636 2256 979 2305 Burmannus:
1027 2254 1183 2305 durae
1230 2258 1298 2318 V3
1348 2257 1409 2304 cf.
1450 2256 1576 2306 Aen.
1622 2257 1692 2304 IV
1736 2258 1823 2305 55.

274 2330 381 2378 244
419 2331 636 2378 membra
674 2329 845 2378 Thilo:
884 2332 1031 2379 menti
1069 2331 1129 2377 V.

275 2404 380 2451 245
420 2416 657 2463 reponens
696 2403 896 2466 scripsi:
935 2418 1160 2465 reponem
1198 2404 1259 2452 V.

277 2478 380 2524 247
422 2478 607 2537 istaque
644 2477 772 2525 Phil.
811 2477 1120 2540 Wagnerus:
1159 2479 1360 2538 ipsaque
1398 2478 1458 2526 V.

277 2551 384 2598 250
420 2552 611 2599 somnia
647 2550 906 2599 Heinsius:
946 2553 1111 2600 ommia·
1149 2550 1209 2599 V.

278 2623 382 2671 259
423 2624 647 2673 aetheriis
685 2625 884 2686 scripsi:
933 2626 1121 2685 asperis
1167 2624 1234 2685 V3
1285 2618 1474 2673 ‘aeriis'
1516 2623 1821 2686 Maduigius

279 2697 385 2744 260
423 2697 682 2757 fulyentem
717 2697 979 2746 Heinsius:
1017 2699 1260 2758 ffiyiewtcm
1297 2697 1359 2745 V.

281 2769 385 2816 262
426 2770 566 2819 callet
602 2770 802 2832 scripsi:
840 2772 982 2820 uellet
1018 2771 1079 2820 V.
1115 2797 1183 2803 ——
1223 2773 1361 2820 matos
1403 2770 1604 2832 scripsi:
1644 2775 1824 2820 nemias

127 2841 175 2889 V
212 2841 537 2903 ineptissime.

279 2916 383 2963 269
424 2929 482 2964 ac
521 2916 718 2978 scripsi:
758 2921 811 2967 tu
848 2917 913 2965 V.
