1982 3120
786 130 870 174 AD
901 129 1013 174 LIB.
1044 130 1078 173 Ι.
1638 127 1767 171 XXV

77 275 126 306 u.
166 258 289 306 816.
365 257 603 304 uidentur
653 257 824 303 autem
869 255 947 302 illi
991 253 1153 302 additi
1199 253 1261 300 ab
1308 253 1509 301 homine
1555 252 1773 315 quodam

79 332 164 394 qui
202 331 334 379 unde
371 332 549 378 taurus
587 329 675 377 ille
711 330 821 377 tam
858 328 1026 376 subito
1065 326 1359 390 apparuerit
1395 326 1568 389 paucis
1606 326 1772 374 uoluit

11 394 18 426 s
80 405 394 466 explicatum.
475 403 891 465 interpolatorem
942 401 1116 463 utique
1168 400 1390 462 produnt
1441 401 1531 447 illa
1585 395 1771 462 ‘gentis

80 478 140 526 de
179 494 318 526 more
355 471 620 525 nefandae’
659 491 818 539 praue
856 492 886 524 a
922 475 1174 523 nonnullis
1214 474 1431 524 defensa.

230 553 333 600 789
375 551 586 599 consiliis
623 550 753 597 Phil.
792 549 1077 612 Wagnerus
1125 549 1151 596 I
1189 566 1235 610 p.
1278 550 1407 597 630:
1440 548 1669 612 ¹conciliis
1706 547 1768 595 V.

230 629 258 673 7
267 627 333 674 97
373 626 533 673 meriti
569 623 829 672 Heinsius:
867 624 1053 671 meritis
1089 621 1150 670 V.

229 700 334 748 808
374 699 618 759 incoynita
654 696 862 744 Aldina:
900 697 1146 744 incondita
1183 695 1243 743 V.

229 774 338 820 810
375 786 475 820 non
518 771 687 819 Marte
730 785 817 818 nec
877 771 1022 818 awnis
1070 769 1268 830 scripsi:
1322 782 1420 816 non
1469 769 1637 816 Marte
1689 782 1776 816 nec

0 887 1 891 ,
80 849 233 895 armis
270 845 318 892 V
354 845 510 893 nimia.
546 843 845 906 tautologia.

228 920 333 967 811
365 919 555 980 praedo
596 917 795 980 scripsi:
825 931 1004 978 precor
1039 916 1086 962 V
1125 917 1231 965 sine
1272 931 1436 965 sensu.
1506 915 1775 963 admodum

77 992 347 1055 praedonis
384 992 630 1041 uocabulo
671 991 951 1040 delectatus
989 993 1068 1039 est
1107 990 1357 1039 Valerius.

228 1068 333 1115 812
375 1068 570 1127 quin—
584 1068 703 1126 qwin
756 1064 820 1113 C:
874 1078 1209 1126 quae—quae
1252 1063 1312 1110 V.
1365 1088 1428 1096 -—-
1478 1077 1600 1111 cura
1644 1062 1774 1110 Phil.

79 1141 364 1203 Wagnerus
403 1140 429 1187 I
466 1157 513 1201 p.
556 1141 684 1188 631:
724 1154 845 1187 cara
881 1139 942 1187 V.

230 1215 335 1262 815
373 1215 565 1262 iunctae
603 1213 802 1275 scripsi:
843 1215 1039 1260 emotae
1075 1212 1138 1259 V.

231 1288 335 1335 782
375 1285 576 1335 Auerno
616 1286 815 1348 scripsi:
854 1289 981 1334 retro
1019 1285 1080 1333 V.
1121 1279 1256 1333 ‘rite'
1294 1283 1776 1332 Hirschwaelderus.

229 1362 335 1409 822
366 1364 502 1421 peste
538 1360 849 1422 Maduigius:
888 1363 1017 1408 ueste
1056 1358 1114 1407 V.

230 1435 335 1483 833
376 1435 452 1482 hic
499 1435 721 1495 geminae
774 1432 1022 1482 aeterum
1065 1436 1255 1494 portae.
1342 1447 1430 1480 suo
1486 1432 1594 1479 iure
1646 1430 1776 1479 Phil.

80 1508 366 1570 Wagnerus
408 1505 481 1569 [Π
509 1525 558 1569 p.
597 1505 730 1569 406]
758 1501 1057 1556 ‘aeternum'
1095 1507 1223 1554 illud
1249 1521 1279 1554 a
1301 1505 1507 1553 Valerio
1534 1505 1778 1567 scriptum

78 1581 301 1644 negauit.
376 1596 476 1630 non
513 1583 650 1629 recte
689 1583 861 1630 autem
899 1575 1191 1629 ‘alternant’
1230 1579 1472 1642 reposuit,
1512 1594 1625 1626 cum
1655 1577 1775 1627 talis

80 1655 224 1703 uerbi
279 1649 570 1702 ‘alternare'
631 1670 754 1703 usus
814 1655 967 1703 nullis
1022 1654 1185 1716 possit
1241 1653 1461 1702 stabiliri
1521 1652 1777 1713 exemplis.

79 1743 240 1791 neque
278 1729 459 1777 melius
500 1744 552 1776 se
575 1728 731 1776 habet
762 1728 896 1791 quod
928 1728 1237 1790 excogitauit
1261 1727 1546 1775 Ludouicus
1578 1726 1777 1787 Ieepius

84 1800 206 1865 [ind.
252 1803 426 1864 philol.
470 1802 519 1849 V
564 1819 612 1863 p.
655 1800 784 1864 150]
835 1796 1123 1850 ‘infernum'
1137 1821 1149 1864 3
1197 1801 1330 1864 quod
1375 1816 1488 1849 cum
1542 1792 1778 1847 ‘inferna'

81 1877 218 1924 uocis
257 1876 551 1939 genetiuum
595 1876 710 1924 uult
748 1891 880 1939 6666,
925 1875 1151 1939 neglexit
1195 1877 1461 1937 poetarum
1505 1874 1780 1922 latinorum

83 1965 384 2012 sermonem3
438 1950 500 1998 cf.
553 1949 610 1997 L.
663 1950 938 1998 Muellerus
995 1947 1064 2011 [d.
1123 1966 1162 1997 r.
1225 1966 1289 1996 m.
1342 1966 1391 2011 p.
1444 1949 1573 2011 378,
1630 1944 1779 2008 384].

81 2024 274 2086 itaque,
314 2023 433 2071 dum
469 2023 650 2072 melius
688 2025 892 2086 praesto
940 2024 1038 2071 erit
1074 2023 1351 2084 inuentum,
1405 2022 1598 2070 retineo
1646 2020 1780 2083 quod

84 2097 204 2145 olim
241 2098 482 2159 proposui
520 2092 772 2159 ‘geminae
816 2111 1023 2145 numero
1062 2091 1282 2159 portae'3
1336 2097 1405 2144 sic
1445 2097 1580 2143 certe
1617 2095 1779 2142 Auso-

82 2171 196 2219 nius
244 2168 315 2231 [p.
371 2172 440 2218 60
488 2170 565 2217 6(1.
610 2168 744 2252 Bip.]
797 2164 868 2218 ‘et
919 2170 1146 2232 geminas
1192 2185 1400 2217 numero
1448 2163 1641 2230 portas'
1680 2167 1779 2215 loci

82 2243 245 2292 nostri
282 2243 500 2291 fortasse
537 2258 637 2291 non
673 2243 949 2305 immemor,
989 2258 1291 2305 quamquam
1330 2242 1484 2290 etiam
1521 2241 1779 2304 Vergilius

87 2314 209 2377 [VH
265 2315 396 2378 607]
454 2311 592 2365 ‘sunt
648 2317 878 2379 geminae
930 2317 1053 2364 belli
1097 2311 1295 2379 portae’
1352 2315 1585 2368 similiter
1640 2315 1780 2363 dixit.

235 2391 340 2438 848
382 2405 454 2452 sq.
495 2393 598 2438 tamt
625 2394 777 2450 porta
814 2395 999 2451 quanta
1021 2393 1224 2439 sinistra
1237 2405 1402 2451 poena
1431 2391 1562 2438 docet
1582 2392 1780 2448 ‘maneat

82 2462 279 2518 Pelian,
333 2478 425 2523 quo
478 2464 644 2512 va'me
693 2468 943 2513 monstrat.
1026 2464 1186 2512 uerba
1248 2458 1364 2526 ‘quo
1417 2457 1610 2511 limine'
1663 2464 1780 2524 post

83 2537 210 2584 illud
250 2531 418 2599 ‘porta
457 2532 683 2586 sinistra?
728 2538 878 2601 plane
915 2538 1258 2586 intolerabilia.
1297 2540 1428 2586 sunt.
1477 2539 1676 2585 secutus
1702 2536 1781 2583 est

86 2611 257 2659 autem
303 2609 536 2659 Valerius
581 2611 676 2660 hoc
713 2611 822 2660 loco
861 2611 1080 2674 Vergilii
1130 2612 1515 2673 descriptionem
1566 2609 1781 2658 similem

88 2681 234 2745 [Aen.
280 2683 353 2731 VI
401 2685 508 2733 548
557 2683 706 2747 sqq.]‚
754 2701 815 2733 ex
862 2701 959 2747 quo
1009 2682 1165 2747 [565]
1216 2686 1369 2733 etiam
1418 2684 1544 2731 illud
1600 2678 1782 2745 ‘poena

86 2751 249 2805 docet'
289 2757 560 2819 repetitum
599 2761 691 2807 est.
766 2759 936 2820 itaque
976 2760 1178 2821 reposui
1226 2753 1378 2820 ‘quod
1424 2758 1596 2806 limine
1644 2772 1780 2804 mon-

87 2824 268 2878 strum’
278 2850 290 2892 3
328 2830 643 2894 intellegitur
675 2832 808 2880 6111111
832 2832 1120 2896 Tisiphone,
1160 2832 1220 2879 (16
1245 2847 1343 2894 qua
1366 2834 1483 2893 post
1506 2846 1780 2893 poenarum

86 2903 471 2966 descriptionem
534 2905 656 2954 haec
708 2906 863 2954 habet
916 2907 1057 2954 Maro
1119 2903 1224 2966 [1111.
1281 2907 1388 2955 574
1445 2903 1538 2967 sq.]
1596 2900 1775 2952 ‘cernis
