1982 3120
0 103 7 163 ,ᾗ
36 0 71 247 ἱ
653 137 657 140 .
798 99 883 144 AD
914 99 1029 144 Lm.-
1058 99 1136 144 1v.
1627 100 1823 146 xxxlx

278 228 383 274 212
423 228 631 274 remeent
664 225 1016 274 Bononiensis:
1055 227 1271 272 remeant
1307 224 1367 271 V.

277 301 381 348 218
421 313 482 348 ne
517 300 640 360 ferte
665 313 839 359 preces
877 314 938 347 ex
978 297 1025 345 V
1063 297 1280 347 restitui.

274 374 382 421 224
420 372 716 433 Nelidaeque
751 368 1012 422 Heinsius:
1051 371 1338 431 Nelidesque
1375 372 1436 418 V.

277 448 382 495 228
424 447 491 496 ad
525 445 822 510 Meynckius
865 444 913 509 [Ι
951 447 1019 494 41
1064 442 1181 507 sq.]:
1221 448 1308 494 aut
1343 445 1404 492 V.

0 544 1 550 =
277 522 381 569 229
421 522 619 581 rapitur
648 520 944 583 Meynckius
986 516 1172 582 [ibid.]:
1213 519 1394 568 labitur
1417 519 1486 582 V3
1528 518 1587 568 cf.
1628 518 1821 568 Statius

60 638 62 641 .
127 592 262 656 [silu.
300 594 327 641 I
369 596 415 657 1,
457 591 567 656 20].

277 669 385 716 230
423 668 598 716 malim
638 662 747 715 ‘aut
786 682 958 716 sacrae
996 667 1171 715 laurus
1211 661 1464 716 harenae'.

274 743 381 790 240
421 735 649 790 ‘celeras'
689 740 992 803 Maduigius.

274 816 378 863 242
421 818 533 863 tvme
569 829 597 862 o
636 830 662 861 e
694 814 741 861 V
779 814 994 863 restitui.

273 888 381 936 250
421 902 471 937 ec
517 887 718 950 scripsi:
765 888 882 937 haec
926 888 988 936 V.
1035 914 1108 920 —
1154 890 1298 949 teryis
1338 882 1539 949 scripsi:
1580 889 1738 937 tauris
1775 887 1822 934 V

122 962 448 1025 ineptissime.

272 1037 378 1085 252
409 1050 505 1096 per
565 1035 763 1098 scripsi:
808 1040 925 1097 post
970 1036 1037 1098 V3
1094 1036 1155 1084 cf.
1209 1035 1452 1084 Fleckeis.
1508 1051 1620 1083 ann.
1679 1036 1820 1085 1872

124 1127 172 1172 p.
215 1111 335 1158 203.

275 1183 379 1231 258
421 1187 474 1232 at
509 1182 771 1232 Heinsius:
811 1187 855 1232 et
890 1183 951 1230 V.

273 1258 378 1305 259
410 1271 600 1317 poeuae
636 1256 685 1306 J.
724 1256 786 1305 A.
824 1256 1135 1319 Wagnerus:
1165 1271 1366 1317 puquae
1404 1257 1464 1304 V.

274 1331 379 1379 268
409 1333 748 1391 protectusque
787 1330 985 1393 scripsi:
1016 1332 1354 1391 proiectusque
1383 1331 1431 1377 V
1471 1330 1672 1378 absone.

272 1405 379 1453 270
415 1405 645 1454 rabidum
679 1404 1089 1454 Friesemannus:
1127 1405 1359 1466 rapidum
1396 1404 1460 1453 V.

278 1479 380 1526 273
420 1479 630 1527 wubibus
668 1494 695 1526 e
733 1478 781 1525 V
819 1478 1047 1541 restitui;
1088 1494 1392 1541 quamquam
1429 1478 1603 1526 malim
1651 1472 1823 1526 ‘mobi-

121 1546 222 1615 lis',
264 1567 376 1600 cum
414 1551 685 1600 admodum
723 1552 963 1616 dubitem,
1002 1569 1124 1600 num
1164 1546 1422 1600 ‘nubibus'
1462 1567 1553 1614 pro
1594 1567 1651 1600 eo
1692 1551 1824 1614 quod

126 1628 205 1675 est
244 1620 318 1673 ‘in
353 1620 554 1674 uentos'
595 1625 757 1674 dicere
794 1626 958 1675 liceat.

274 1699 378 1749 275
426 1701 629 1748 summis
674 1714 737 1747 m.
786 1700 1010 1748 diducere
1060 1698 1259 1762 scripsi:
1307 1713 1520 1748 summos
1566 1714 1629 1746 m.
1678 1699 1824 1748 dedu-

124 1787 229 1824 cere
265 1773 327 1821 V.

274 1848 379 1895 283
418 1842 596 1896 robora
635 1847 834 1909 scripsi:
876 1862 1081 1908 corpora
1118 1847 1179 1894 V.

274 1922 378 1969 287
420 1922 666 1981 artifiezms
702 1925 883 1970 notata.
925 1925 968 1970 et
996 1936 1187 1970 mamus.
1264 1921 1338 1969 ita
1376 1921 1437 1969 V.
1479 1935 1632 1983 quam
1672 1920 1823 1982 scrip-

122 1998 292 2043 turam
337 2009 398 2043 ex
441 1997 588 2057 parte
629 1995 828 2044 sanauit
850 1994 1088 2044 Heinsius
1116 1995 1375 2044 scribendo
1401 1989 1588 2043 ‘Aetna
1610 1988 1823 2043 manus'.

123 2069 303 2117 deinde
355 2083 478 2117 uero
530 2085 623 2131 pro
672 2062 854 2117 ‘notat'
908 2069 1095 2117 litteris
1145 2063 1205 2117 ‘t'
1261 2071 1312 2117 et
1367 2062 1438 2116 ‘n'
1499 2068 1823 2133 transpositis

123 2142 489 2191 emendandum
512 2144 591 2190 est
614 2136 812 2190 ‘tonat'.
860 2158 956 2204 quo
988 2143 1145 2191 uerbo
1177 2144 1236 2190 ut
1258 2143 1413 2204 Vei-g.
1456 2140 1603 2203 [Aen.
1620 2141 1698 2189 III
1716 2142 1818 2190 571

124 2217 177 2264 et
192 2216 318 2263 VIII
335 2213 492 2280 418],
515 2215 589 2263 ita
612 2215 847 2263 Valerius
872 2216 993 2263 alibi
1021 2213 1115 2277 [IV
1136 2213 1266 2277 612]
1292 2216 1341 2262 in
1369 2215 1545 2263 eadem
1568 2231 1622 2263 re
1647 2215 1823 2263 utitur.

276 2290 382 2337 288
423 2287 637 2337 conicias
679 2283 989 2351 etrepidant'.

277 2364 381 2411 289
424 2363 734 2431 laeuamque,
750 2362 1009 2411 Heinsius:
1050 2363 1358 2424 dextramque
1394 2363 1441 2410 V
1482 2362 1656 2411 eodem
1693 2362 1822 2412 uitio

127 2436 261 2498 quod
298 2436 454 2485 habes
479 2436 578 2484 VII
613 2437 716 2486 169
759 2436 894 2484 alibi.
942 2453 1059 2485 nam
1096 2451 1253 2499 praue
1277 2437 1521 2485 traditam
1558 2436 1824 2485 lectionem

125 2525 187 2558 ex
224 2510 442 2572 Vergilii
479 2510 604 2559 Aen.
644 2511 690 2557 X
729 2511 838 2559 810
877 2510 1171 2573 defendunt3
1211 2512 1296 2574 qui
1334 2511 1473 2559 locus
1512 2510 1715 2559 Valerio
1748 2510 1824 2558 III

130 2585 235 2633 153
277 2583 657 2632 obuersa-batur.

276 2659 379 2706 291
421 2660 576 2718 quatit
613 2658 815 2720 scripsi:
854 2660 990 2719 rapit
1025 2659 1071 2705 V
1113 2659 1218 2707 sine
1258 2673 1421 2706 sensu,

278 2732 383 2780 297
423 2732 716 2792 rabidusque
751 2733 919 2780 uirwm
958 2733 1156 2794 scripsi·
1197 2733 1466 2791 auidusque
1503 2733 1604 2780 uiri
1643 2732 1703 2779 V.

278 2805 383 2853 298
425 2809 526 2853 uum
564 2809 724 2855 caestu
763 2806 917 2854 elatus
956 2806 1155 2868 scripsi.
1197 2808 1309 2854 tame
1349 2808 1511 2854 caestu
1548 2806 1740 2854 uelatus
1763 2806 1823 2852 V.

280 2879 385 2926 303
427 2882 480 2927 at
516 2882 571 2926 ut
609 2859 807 2942 scripsi.
845 2881 972 2928 euim
1010 2880 1070 2927 V.
