1982 3120
199 115 281 160 XL

875 114 1221 159 PRAEFATIO

354 241 459 288 307
499 241 695 288 uerbere
734 239 932 301 scripsi:
972 239 1174 288 wubnere
1210 239 1272 287 V.

356 314 460 362 308
504 314 758 373 ceciditque
793 326 973 361 manus
1012 312 1209 374 scripsi:
1250 314 1504 374 ceciditque
1542 314 1688 362 malis
1723 313 1784 362 V.

355 388 458 435 309
499 388 736 447 sanquine
771 388 914 446 idque
953 386 1150 448 scripsi:
1188 388 1552 448 sanquinueque
1588 388 1649 435 V.

354 461 458 509 333
499 474 678 520 oraque
716 459 1046 508 Schraderus:
1087 474 1321 519 armaque
1356 460 1418 508 V.

354 535 457 582 349
500 534 773 582 admonitus
801 532 1212 597 Peerlkampius:
1253 534 1500 582 admonita
1538 534 1599 582 V.

358 608 463 655 357
506 611 606 654 tum
642 606 866 654 Iuntina:
907 621 1015 655 cum
1052 607 1112 654 V.

354 681 460 730 364
501 695 598 740 qua
622 681 814 746 fraude
852 695 911 728 ex
949 681 995 727 V
1035 681 1250 729 resssitui.

355 754 461 804 365
501 756 721 802 inuentos
767 756 992 802 tenuisset
1028 753 1083 801 L.
1122 754 1393 803 Muellerus
1443 751 1511 816 [d.
1557 769 1597 804 r.
1636 770 1700 802 m.
1742 751 1894 815 392J:

203 832 429 878 iuuentus
467 829 702 876 timuisset
738 827 798 875 V.

357 902 461 950 382
504 902 837 961 ardentemque
874 900 1134 949 Heinsius:
1175 903 1516 962 audentemque
1554 901 1614 950 V.

360 976 464 1024 386
507 976 728 1023 carmina
766 989 926 1022 auena
965 975 1162 1037 scripsi:
1203 977 1424 1024 cwrmiua
1460 989 1591 1024 uena
1634 975 1693 1023 V.

356 1050 462 1098 387
501 1049 684 1108 respice
722 1051 892 1096 cautus
931 1062 958 1095 e
996 1047 1043 1095 V
1082 1048 1297 1097 restibui.

356 1122 460 1171 388
502 1123 604 1170 iam
634 1123 735 1170 iam
773 1120 965 1169 addidi:
1006 1137 1095 1170 om.
1128 1122 1188 1169 V.

356 1197 460 1244 392
502 1199 555 1243 at
591 1211 707 1257 ego:
749 1199 792 1242 et
828 1195 889 1242 V.

357 1271 461 1318 393
501 1270 764 1329 flam-isque
803 1268 1000 1330 scripsi:
1039 1270 1278 1329 spirisque
1315 1270 1361 1315 V
1400 1269 1728 1331 ineptissime.

356 1342 462 1391 405
494 1342 700 1403 placida
739 1342 936 1403 scripsi:
966 1343 1162 1402 pauida
1200 1343 1261 1391 V.

356 1417 462 1464 409
481 1472 483 1474 ,
505 1419 726 1475 torquens
763 1415 1117 1464 Marklandus:
1157 1419 1342 1465 torrens
1380 1417 1441 1465 V.

355 1491 460 1538 411
504 1491 633 1538 caeci
671 1489 869 1551 scripsi:
909 1491 1046 1539 saeui
1084 1490 1144 1537 V.

355 1565 461 1611 417
502 1562 657 1611 Phari
697 1561 924 1612 Carrion:
965 1579 1060 1612 om.
1099 1564 1159 1611 V.

355 1638 462 1685 418
502 1639 669 1685 uincta
709 1637 907 1699 scripsi:
947 1641 1119 1685 cuncta
1156 1637 1218 1686 V.

355 1712 463 1759 434
503 1710 621 1758 duce
658 1712 817 1770 fertur
854 1711 1255 1772 Peerlkampius:
1296 1711 1512 1770 defertur
1549 1711 1610 1757 V.

360 1786 467 1832 439
526 1798 584 1832 ac
636 1787 787 1832 uestri
838 1786 984 1832 rebar
1044 1787 1115 1833 sic
1168 1788 1381 1845 tempora
1435 1799 1620 1832 cursus.
1710 1783 1784 1831 ita
1836 1783 1901 1833 V.

209 1857 342 1920 quod
381 1857 657 1919 nuperrimi
681 1858 898 1906 edibores
922 1873 1023 1906 non
1047 1858 1406 1906 dubitauerunt
1429 1857 1633 1906 Valerio
1662 1857 1902 1920 tribuere,

206 1930 493 1994 Vergilium
534 1929 629 1992 [VI
671 1928 798 1992 690]
842 1947 957 1979 eum
994 1932 1250 1980 imitatum
1290 1947 1399 1980 esse
1437 1933 1689 1993 putanizes.
1765 1930 1901 1993 equi-

208 2003 342 2067 dem,
405 2005 491 2067 qui
543 2004 879 2053 imitationem
930 2007 1037 2053 tam
1091 2005 1363 2054 absurdam
1425 2020 1455 2052 a
1515 2006 1666 2066 poeta
1725 2005 1899 2053 nostro

209 2086 359 2140 quam
398 2077 758 2126 alienissimam
797 2094 906 2126 esse
945 2094 1035 2140 pro
1077 2081 1212 2127 certo
1252 2079 1480 2141 habeam,
1518 2079 1684 2126 locum
1722 2077 1902 2140 Vergi-

207 2153 400 2202 lianum
439 2167 469 2199 a
506 2152 694 2199 lectore
734 2151 949 2213 quodam
987 2152 1283 2200 adnotatum
1329 2167 1438 2200 esse
1485 2154 1536 2199 ei,
1580 2152 1655 2200 ita
1699 2160 1902 2214 cormp-

209 2226 342 2274 telae
383 2241 557 2274 ansam
599 2225 796 2274 dedisse
850 2241 1042 2274 censeo.
1120 2227 1238 2288 quid
1283 2226 1517 2274 Valerius
1573 2225 1788 2287 dederit,
1843 2234 1904 2273 ex

207 2300 316 2361 ipso
364 2299 556 2347 discere
595 2301 761 2361 potes,
810 2300 992 2361 quippe
1039 2301 1173 2361 apud
1220 2315 1366 2362 quem
1411 2300 1613 2362 legatur
1653 2296 1728 2360 [H
1769 2295 1899 2359 139]

209 2368 362 2420 ‘tardi
414 2374 654 2434 reputant:
706 2387 834 2433 quae
894 2376 1124 2434 tempora
1174 2367 1330 2420 belli'.
1421 2373 1591 2434 itaque
1644 2371 1899 2433 rescripsi:

210 2441 289 2494 ‘ac
324 2446 486 2494 uestri
522 2446 757 2507 reputaui
794 2448 1023 2506 tempora
1061 2441 1271 2495 cursus'.

356 2521 462 2567 449
505 2521 726 2579 confectis
765 2519 962 2581 scripsi:
1010 2521 1244 2568 consuetis
1281 2520 1341 2566 V.
1391 2513 1690 2582 ‘completis'
1730 2516 1900 2580 Haup-

206 2594 308 2641 tius
351 2591 542 2655 [Herm.
581 2592 707 2639 VHI
750 2590 894 2653 18Ο].

357 2668 463 2714 477
503 2681 602 2714 nou
641 2666 836 2728 scripsi:
877 2668 1002 2726 quod
1039 2667 1098 2713 V.

357 2741 462 2788 495
494 2741 652 2800 pubes
691 2740 889 2802 scripsi:
928 2741 1079 2788 nubes
1116 2741 1176 2787 V.
1211 2755 1213 2757 ’
1255 2790 1259 2792 ‚

358 2814 462 2861 507
504 2815 628 2861 sicut
666 2813 1011 2861 Schenkelius:
1051 2816 1120 2861 sic
1157 2815 1241 2862 ubi
1278 2813 1337 2859 V.
1409 2856 1413 2859 ,

360 2887 464 2933 5⁶28
496 2888 646 2946 pubis
682 2887 940 2935 Heinsius:
971 2889 1158 2947 puppis
1196 2887 1255 2933 V.
