1982 3120
817 147 900 191 AD
932 147 1046 191 LIB.
1078 146 1156 190 VI.
1684 145 1832 189 XLIX

288 275 395 323 330
449 289 555 338 sqq.
608 274 742 333 feror
786 274 962 322 arctois
1012 285 1144 319 neme
1196 271 1316 319 liber
1369 271 1423 318 in
1470 271 1609 319 aruis
1661 273 1835 318 cuncta

137 353 300 396 tenens
351 361 559 408 mecum3
613 348 770 395 omm's
823 360 961 394 amor
1006 347 1288 404 iacturaque
1331 344 1551 404 plaustri
1588 344 1695 392 sola
1745 358 1832 392 nec

136 423 227 470 hac
272 422 466 482 longum
505 422 660 469 uictor
694 421 880 480 potiere
922 420 1130 480 rapinffl
1176 422 1254 467 ast
1291 417 1461 477 epulae
1507 418 1832 477 quodcumque

126 508 292 555 pecus.
370 494 527 543 sensit
571 493 950 556 Peerlkampius
1010 507 1186 541 uocem
1248 485 1479 539 ‘mecum'
1532 506 1633 539 non
1685 506 1834 552 posse

138 568 374 631 coniungi
424 584 538 616 cum
589 568 676 616 1110
725 561 955 615 ‘tenens'.
1034 566 1121 614 sed
1174 565 1576 627 interpunctione
1622 566 1835 627 mutata,

137 645 197 690 ut
232 642 319 689 ille
357 642 534 704 uoluit,
572 657 751 704 parum
788 640 1064 702 proficitur.
1141 639 1262 702 quid
1301 638 1467 687 enim?
1505 655 1627 686 num
1664 638 1836 687 uerbis

140 710 352 764 ‘mecum
391 715 550 763 omnis
590 708 749 763 amor'
772 714 934 761 ullum
958 729 1161 762 sensum
1183 713 1418 761 idoneum
1440 713 1605 761 inesse
1630 711 1836 761 censes?

138 790 309 851 itaque
349 788 527 850 scripsi
567 783 780 836 ‘mecum
828 787 995 836 omnia
1033 781 1171 849 ago'3
1219 786 1279 834 cf.
1325 786 1583 848 Vergih‘us
1627 784 1835 848 [Georg.

142 863 220 910 III
275 859 422 922 343].
513 877 662 923 porro
717 860 837 924 quid
889 861 1047 909 uerba
1101 855 1209 907 ‘nec
1263 861 1357 907 hac
1410 860 1621 922 longum
1673 861 1837 908 uictor

139 935 333 997 potiere
382 930 578 996 rapina'
626 935 721 983 hoc
765 935 874 983 loco
896 986 898 988 ,
923 934 1020 983 sibi
1063 933 1223 981 uelint
1275 949 1420 981 nemo
1479 933 1710 994 exposuit
1757 949 1835 981 ex-

139 1012 370 1070 ponetue.
446 1023 565 1056 nam
600 1024 761 1071 neque
799 1023 1017 1071 quonam
1056 1002 1169 1055 ‘hac
1206 1001 1402 1069 rapina'
1444 1009 1636 1069 spectet
1675 1023 1836 1070 neque

138 1082 385 1144 quomodo
423 1084 535 1130 130133
559 1081 811 1131 sententia
832 1083 886 1130 in
909 1081 1295 1142 descriptionem
1332 1081 1484 1143 uitae,
1524 1096 1623 1142 qua
1649 1080 1836 1130 Gesan-

141 1157 229 1204 der
288 1151 575 1218 fruebatur,
646 1155 860 1218 quadret
925 1155 1243 1217 perspicitur.
1341 1155 1513 1217 itaque
1573 1154 1722 1202 Pium
1784 1157 1836 1203 et

140 1227 581 1291 Loehbachium[1
597 1226 687 1291 14]
717 1229 875 1277 secuti
890 1229 1046 1276 uerba
1056 1227 1158 1291 “illa
1180 1230 1358 1289 utpote
1384 1228 1446 1275 ab
1471 1228 1835 1290 interpolatore

138 1303 357 1365 quodam
379 1318 536 1364 praue
553 1302 726 1350 addita
738 1302 937 1350 omnino
951 1301 1183 1349 aValerii
1198 1304 1341 1349 textu
1359 1302 1560 1349 exulare
1577 1302 1835 1351 iussimus.

288 1377 392 1425 343
432 1390 590 1437 nuper
626 1375 825 1437 scripsi:
855 1377 1067 1436 propius
1105 1375 1166 1423 V.

291 1450 395 1499 347
437 1453 567 1498 astat
603 1449 800 1510 scripsi:
839 1449 983 1497 hasta
1019 1448 1080 1498 V.

292 1524 397 1570 348
438 1526 629 1571 ruentes
665 1522 926 1571 Heinsius:
965 1525 1181 1571 ruentem
1217 1522 1279 1570 V.

290 1596 392 1644 351
441 1597 614 1655 fzmere
657 1596 855 1657 scripsi:
902 1609 1098 1656 corpore
1142 1595 1203 1643 V.
1252 1595 1384 1658 quod
1431 1612 1489 1644 ex
1528 1596 1835 1659 glossemate

138 1671 307 1717 ortum
346 1671 438 1717 est.
515 1671 651 1717 certe
689 1669 1010 1718 intolerabile
1050 1671 1129 1717 est
1181 1669 1308 1738 illud
1350 1663 1596 1731 ‘corpore'
1646 1671 1838 1719 eisdem

138 1742 352 1790 duorum
389 1757 631 1790 uersuum
667 1742 1041 1805 insequentium
1079 1743 1281 1791 sedibus
1321 1743 1559 1804 positum.

289 1815 395 1863 356
435 1816 630 1864 ilbwwies
659 1815 936 1878 Hauptius:
975 1818 1057 1865 ille
1094 1818 1196 1865 dies
1233 1815 1294 1863 V.

288 1890 392 1937 357
423 1890 547 1949 pelli
582 1889 928 1940 Burmannus:
971 1891 1079 1939 belli
1117 1890 1178 1953 V,
1225 1891 1278 1938 in
1326 1907 1423 1952 quo
1472 1906 1622 1954 saepe
1672 1886 1743 1939 ‘b'
1784 1894 1837 1941 et

138 1956 208 2023 ‘p'
247 1964 509 2011 mutarunt
546 1963 726 2013 locum.

286 2036 391 2085 358
431 2037 664 2097 frwnyere
699 2037 913 2085 Aldina:
952 2039 1142 2099 franyit
1178 2037 1238 2086 V.

289 2110 393 2157 362
434 2111 630 2159 madent
666 2111 961 2174 Meynckius
1004 2110 1077 2173 [II
1110 2109 1264 2172 372]:
1304 2116 1467 2160 meant
1503 2113 1563 2159 V.

286 2183 394 2230 380
431 2183 543 2230 hinc
581 2183 750 2231 Thilo:
788 2185 865 2232 hic
894 2184 956 2231 V.

288 2255 393 2302 382
433 2257 541 2315 qwels
569 2257 672 2305 iam
693 2258 796 2305 iam
828 2257 1027 2318 scripsi:
1067 2259 1185 2317 quin
1209 2260 1353 2306 etiam
1374 2257 1435 2305 V.
1460 2284 1532 2296 -a
1557 2262 1839 2320 nutansque

137 2327 335 2388 scripsi:
381 2332 594 2389 nutuque
638 2344 810 2378 carens
855 2330 902 2377 V
947 2333 1123 2379 contra
1169 2334 1387 2379 metrum
1431 2332 1622 2395 pariter
1682 2336 1834 2396 atque

137 2401 453 2450 sententiam.
558 2418 719 2465 neque
789 2403 1062 2466 quidquam
1121 2404 1388 2466 proficiunt
1458 2406 1544 2468 qui
1608 2401 1831 2456 ‘cadens'

135 2474 410 2537 corrigunt,
449 2475 588 2524 cuius
626 2477 701 2526 rei
744 2477 1029 2540 insequenti
1067 2478 1267 2527 demum
1319 2495 1473 2528 uersu
1519 2480 1577 2528 fit
1625 2482 1830 2530 mentio.

286 2549 391 2597 385
446 2550 639 2599 tamdem
691 2551 744 2598 M
797 2566 827 2599 a
880 2568 945 2600 111.
999 2567 1118 2616 sec.;
1174 2557 1333 2601 tamen
1385 2553 1445 2601 V.
1502 2580 1573 2588 -—
1619 2555 1833 2615 percum

137 2621 332 2682 scripsi:
377 2624 588 2682 protulit
638 2623 706 2687 V3
760 2639 861 2673 non
911 2626 1075 2674 ausim
1131 2641 1372 2688 reponere
1428 2622 1699 2688 ‘proculit'.
1757 2654 1831 2661 —

137 2695 297 2742 orbem
334 2694 643 2759 Maduigius:
681 2699 850 2746 wrbem
886 2698 948 2746 V.
1322 2738 1329 2744 .

287 2769 389 2816 391
431 2769 644 2820 harenas
682 2771 877 2834 scripsi:
916 2773 1129 2821 habenas
1167 2771 1226 2820 V.

285 2842 392 2890 404
430 2843 581 2891 isdem
618 2846 886 2905 aqwelbisque
925 2846 1122 2908 scripsi:
1162 2861 1366 2907 quorum
1398 2849 1576 2907 aqualis
1592 2847 1651 2895 V.
1669 2863 1832 2909 -pa-

135 2918 293 2963 rentes
332 2914 672 2966 Burmannus:
703 2917 930 2979 parentis
968 2918 1027 2968 V.

223 3004 309 3038 Val.
331 3004 506 3039 Flaccus.
1444 3003 1473 3046 d
