1982 3120
4 64 52 154 1,-
733 81 1095 126 PRAEFATm.
1651 81 1759 123 xm

7 208 507 257 Weidmannomm
531 206 751 255 officina
759 203 969 255 a.1871
999 206 1177 253 emissa
1215 206 1267 253 in
1305 210 1446 253 textu
1481 210 1763 254 mutaueiat

20 298 120 334 ea
166 280 510 331 commendare
551 295 608 329 ac
640 277 860 328 stabilire
901 278 1093 328 studuit
1138 280 1188 327 in
1228 294 1289 343 p1
1292 293 1432 342 oprio
1472 277 1638 327 libello
1679 279 1761 326 cui

14 348 33 394 <³
62 357 317 420 inscripsit
364 351 594 404 Studien
646 369 710 402 zu
747 352 844 402 den
883 353 1214 417 Argonautica
1253 351 1341 400 des
1381 351 1479 401 Val.
1518 347 1759 400 Flaccus?

211 429 380 493 Itaque
421 443 538 477 cum
576 433 765 476 restale
812 426 957 475 uldel
960 441 1039 475 em
1086 431 1141 475 ut
1189 425 1391 474 tandem
1430 425 1762 490 Argonautica

60 504 278 553 detersis
331 502 540 552 maculis
586 501 699 550 talia
754 500 859 549 fere
908 499 1070 564 qualia
1125 515 1151 548 a
1205 506 1352 564 poeta
1408 505 1577 549 essent
1632 499 1763 549 edita

60 579 471 643 restituerentur,
533 575 764 640 equidem
820 576 953 623 uiam
1017 573 1076 623 ab
1130 572 1334 631 Heinsio
1398 575 1582 639 optime
1646 572 1764 622 olim

59 652 232 707 initam
278 649 472 715 ingredi
516 648 684 698 nullus
731 646 971 696 dubitaui.
1048 661 1237 713 neque,
1293 649 1335 696 si
1390 654 1526 697 certa
1573 647 1764 697 medela

42 725 160 774 'non
209 731 341 773 esset
389 726 442 772 in
479 728 740 787 promptu,
796 721 857 770 ad
904 722 1220 770 coniecturas
1267 720 1442 770 dubias
1492 721 1763 785 confugere
1841 749 1844 751 -

0 829 27 863 ς
59 806 110 846 et
148 796 529 847 uiolentioribus
577 795 831 846 interdum
879 794 1237 844 mutationibus
1276 796 1351 844 uti
1398 810 1508 844 sum
1555 796 1763 844 ueritus,

63 871 196 936 quod
237 873 321 935 qui
361 871 594 919 carminis
646 870 1024 933 corruptionem
1068 870 1323 933 ingentem
1369 868 1554 918 habent
1601 870 1764 933 cogni-

35 952 163 994 ‘tam
203 960 302 993 non
342 943 717 1009 uituperabtmt.
793 942 1024 992 lectionis
1064 949 1229 992 autem
1267 944 1563 1001 uarietatem
1610 942 1767 991 adieci

65 1019 272 1084 nullam,
313 1033 427 1068 cum
469 1020 542 1067 eis
582 1019 668 1082 qui
709 1016 828 1082 quid
868 1018 1145 1081 antiquitus
1169 1016 1407 1066 traditum
1447 1019 1513 1066 sit
1536 1023 1766 1066 accurate

11 1096 14 1138 ζ
54 1107 361 1157 cognoscere
418 1091 577 1140 uelint
629 1090 846 1140 selectus
903 1106 1054 1155 quem
1107 1096 1290 1140 uocant
1328 1097 1593 1155 apparatus
1634 1092 1768 1139 criti-

0 1184 2 1225 }
59 1181 149 1215 cus
175 1161 399 1232 (qualem
439 1164 614 1232 solum,
647 1165 746 1213 nisi
769 1164 996 1214 Thilonis
1030 1166 1196 1229 copias
1237 1164 1487 1229 expoliare
1525 1163 1769 1229 uolebam,

0 1239 2 1284 i
58 1239 176 1289 dare
230 1233 398 1306 potui)
461 1238 584 1288 nihil
642 1240 842 1287 omnino
891 1240 1075 1304 prosit,
1122 1240 1168 1286 ei
1215 1244 1381 1287 autem
1427 1239 1514 1302 qui
1560 1237 1768 1303 legendo

60 1329 263 1363 carmen
302 1314 551 1378 gustaturi
591 1314 692 1362 sint
747 1312 890 1362 facile
946 1311 1030 1361 illo
1079 1318 1292 1362 careant.
1369 1313 1537 1377 itaque
1592 1314 1643 1360 in
1699 1313 1770 1360 eis

61 1403 187 1451 quae
236 1389 334 1436 iam
381 1394 624 1436 secuntur
671 1386 879 1452 pagellis
932 1386 1275 1435 tantummodo
1330 1385 1512 1450 quibus
1567 1386 1690 1435 locis
1745 1402 1772 1434 a

59 1460 272 1510 Thilone
313 1462 614 1510 recesserim
654 1475 803 1525 quam
845 1460 1142 1510 breuissime
1181 1459 1409 1510 indicabo
1451 1461 1635 1525 causiS‚
1675 1461 1772 1508 nisi

65 1534 154 1583 ubi
180 1550 239 1583 ex
280 1550 334 1583 re
360 1536 527 1584 uisum
551 1540 643 1600 est,
681 1548 782 1583 non
812 1534 1040 1599 adiectis>3
1081 1533 1170 1582 has
1204 1535 1337 1582 enim
1360 1533 1574 1582 lectores
1614 1539 1770 1582 atten-

20 1616 23 1618 ’
65 1615 145 1657 tos
201 1616 253 1657 et
304 1615 568 1674 poetarum
619 1608 892 1657 latinorum
948 1623 1128 1672 gnaros
1183 1607 1322 1656 facile
1371 1607 1772 1672 deprehensuros

68 1697 179 1731 esse
217 1684 353 1748 ipsos
405 1680 615 1730 confido,

216 1830 240 1878 Ι
291 1834 353 1879 11
397 1834 707 1891 ueterwmque
747 1831 868 1890 saue
897 1831 1180 1879 ueneranda
1211 1832 1403 1879 canenti
1440 1831 1574 1890 facta
1594 1831 1774 1878 uirum.

57 1919 162 1953 non
198 1905 501 1967 perspicitur
551 1919 639 1952 0111·
678 1906 917 1952 ueterum
979 1904 1117 1952 facta
1171 1904 1381 1951 audiant
1435 1896 1778 1966 ‘ueneranda',

60 1993 176 2026 cum
220 1978 522 2040 praesertim
570 1978 811 2027 Valerius
873 1979 999 2027 alias
1047 1978 1195 2040 plane
1250 1978 1451 2027 diuerso
1506 1977 1654 2026 modo
1714 1977 1776 2026 de

63 2051 136 2100 eis
174 2052 382 2101 iudicet:
430 2052 492 2100 cf.
538 2052 616 2100 III
661 2053 725 2100 15
771 2047 851 2100 ‘tu
898 2052 1025 2100 mihi
1062 2067 1194 2099 nunc
1243 2067 1421 2101 causas
1469 2052 1773 2114 infandaque

67 2125 282 2187 proelia,
324 2125 452 2187 Clio,
496 2125 658 2187 pande
697 2120 892 2173 uirum'
936 2129 988 2174 et
1037 2125 1083 2172 V
1125 2127 1432 2174 217—221.
1511 2127 1778 2174 senserunt

63 2198 115 2245 id
166 2199 444 2247 anteriores
491 2199 654 2247 critici
710 2202 1152 2261 reposueruntque
1201 2193 1576 2248 ε111011101111111113.
1656 2199 1774 2247 scri—

65 2271 287 2319 bendum
325 2273 495 2334 potius
538 2267 891 2335 ‘uenerande’3
932 2273 993 2320 cf.
1038 2272 1163 2320 VIII
1206 2274 1307 2321 181
1360 2267 1704 2335 tmeminique,
1742 2288 1771 2320 o

63 2343 256 2408 Tiphy,
297 2348 504 2395 tuorum
544 2362 663 2395 saxa
701 2363 796 2408 per
833 2347 944 2407 illa,
983 2350 1156 2408 pawn
1201 2347 1427 2409 memini,
1478 2344 1779 2408 uenerande⁷

69 2414 320 2467 laborum'
369 2422 421 2469 et
459 2423 634 2470 auctor
682 2419 872 2469 Culicis
914 2423 982 2470 29
1029 2415 1255 2483 ‘Octaui,
1304 2421 1613 2480 uenerande,
1652 2420 1777 2468 meis

68 2492 305 2541 adlabere
345 2494 557 2556 coeptiS,
598 2497 773 2543 sancte
811 2489 995 2556 pater'.

215 2569 282 2615 13
322 2566 512 2628 Solymo
566 2582 624 2616 ac
670 2570 950 2629 myrantem
1005 2565 1204 2630 scripsi:
1266 2569 1460 2629 Solymo
1505 2570 1779 2628 niyrcmtem

63 2638 208 2687 codd.
264 2641 508 2703 asyndeto
562 2642 712 2705 plane
771 2642 1097 2690 intolerabili.
1171 2641 1231 2690 de
1286 2637 1382 2690 ‘ac'
1450 2642 1662 2690 traiecto
1717 2640 1777 2689 cf.
1858 2686 1868 2692 ,,

68 2711 142 2759 VI
184 2714 287 2762 599
330 2717 382 2761 et
419 2714 544 2763 VIII
584 2716 708 2765 400.

218 2788 284 2835 15
342 2788 635 2850 debubraque
694 2793 888 2838 centum
942 2789 1217 2853 Hauptius,
1272 2789 1444 2837 Herm.
1513 2788 1592 2836 III
1650 2791 1781 2837 214:

68 2859 361 2921 delubraque
396 2864 526 2921 qemi
556 2862 695 2913 codd.
