1982 3120
859 113 944 157 AD
959 156 962 157 ⁷
977 113 1089 157 LIB.
1123 113 1156 156 I.
1358 151 1361 153 .
1735 111 1844 156 XIX

149 237 276 300 181]
319 233 738 301 ‘praesagumque
776 238 984 285 aethera
1022 237 1170 285 certis
1211 231 1532 299 auguribus',
1571 238 1668 285 nisi
1709 236 1842 300 qu'od

143 312 224 359 hic
270 328 330 359 ex
366 312 571 360 Valerio
616 327 708 373 pro
756 305 1073 373 ‘auguribus'
1121 313 1295 371 aperte
1343 312 1718 379 restituendum
1764 313 1842 359 est

145 380 407 433 ealitibus'.

292 461 396 507 242
439 460 676 519 tantisque
711 457 972 507 Heinsius:
1012 459 1294 518 quantisque
1325 458 1385 505 V.

290 534 399 582 250
436 533 562 581 hane
597 546 714 581 uero
752 534 870 581 socii
907 548 967 580 ex
1004 532 1051 579 V
1089 531 1280 580 reduxi.

293 607 398 654 256
439 607 710 655 ostendebat
745 605 823 653 M:
863 605 1124 654 ostenderet
1160 605 1222 653 V.

292 681 397 729 265
432 681 702 740 placitoque
738 678 946 741 Aldina,
985 678 1246 727 Heinsius:
1278 679 1576 740 placidoque
1613 680 1675 727 V.

290 755 396 803 274
438 769 509 816 sq.
554 753 639 801 Sol
679 755 792 804 ruit
836 757 879 800 et
926 755 1074 801 totwm
1112 753 1305 813 Minyis
1345 754 1640 802 laetantibus
1677 755 1838 804 wndae

139 829 369 876 diduxere
398 828 524 875 diem
561 842 621 875 ex
659 827 706 873 V
745 822 962 885 restitui.
1038 826 1160 875 solis
1208 826 1482 875 occidentis
1530 827 1701 874 lumen
1745 843 1836 889 per

138 917 276 948 mare
316 901 588 963 spargitur.
664 900 779 948 inde
828 900 989 948 undas
1039 900 1176 961 ipsas
1217 900 1350 948 diem
1399 901 1543 963 quasi
1583 901 1836 949 diduxisse

139 974 377 1023 audacter
418 990 535 1023 sane
575 975 810 1023 Valerius
849 974 1011 1036 fingit.

289 1050 391 1097 281
440 1050 732 1097 mirantibus
779 1048 1062 1096 B‘entleius:
1120 1050 1466 1096 miserantibus
1513 1048 1572 1095 V.
1652 1048 1837 1095 mirum

137 1124 216 1170 est
276 1123 611 1171 certissimam
671 1122 831 1170 critici
898 1122 1137 1183 principis
1208 1121 1611 1169 emendationem
1672 1122 1838 1169 adhuc

137 1198 361 1256 spretam
399 1212 523 1245 esse.
598 1199 709 1244 tum
748 1195 882 1243 enim
918 1196 971 1242 in
1009 1195 1204 1252 itineris
1250 1195 1395 1244 initio
1443 1211 1543 1243 non
1590 1198 1700 1244 erat
1749 1211 1837 1243 cur

135 1269 496 1318 miserarentur
542 1270 720 1318 undae.
797 1284 862 1317 an
906 1270 1028 1317 mali
1074 1270 1278 1317 uenturi
1327 1285 1607 1331 praesagae
1656 1268 1834 1318 erant?

134 1358 300 1406 nugae
345 1344 468 1392 haec
516 1345 646 1392 sunt.
723 1345 948 1391 ceterum
995 1343 1054 1392 cf.
1097 1342 1308 1391 Ouidius
1359 1339 1480 1404 [ani.
1533 1342 1585 1391 II
1637 1345 1726 1406 11,
1781 1341 1833 1404 1]

136 1411 457 1466 ‘mirantibus
508 1417 740 1480 aequoris
787 1412 956 1466 undis'
1009 1420 1060 1465 et
1112 1417 1419 1467 Claudianus
1471 1414 1547 1478 [in
1593 1417 1736 1465 Eutr.
1784 1417 1837 1465 II

138 1489 268 1552 164]
312 1486 632 1540 ‘mirantibus
672 1491 854 1540 extulit
892 1486 1078 1540 undis'.

284 1567 387 1614 291
444 1566 616 1614 rabido
669 1565 869 1627 scripsi:
927 1566 1100 1626 rapido
1153 1565 1214 1612 V.
1297 1559 1400 1611 ‘uix
1462 1564 1700 1612 credibile
1756 1567 1834 1613 est

134 1639 288 1686 etiam
324 1655 454 1686 nunc
491 1639 765 1702 magistros
817 1654 926 1687 esse
975 1639 1060 1701 qui
1108 1641 1166 1686 ut
1218 1639 1339 1686 olim
1386 1654 1572 1700 pueros
1623 1638 1836 1686 doceant

132 1713 363 1772 raffldwm
413 1728 514 1761 non
567 1729 678 1761 esse
730 1714 969 1775 celerem,
1033 1713 1121 1761 sed
1175 1706 1427 1774 rapacem'
1483 1712 1835 1764 Lachmannus

137 1783 303 1846 [Lucr.
352 1801 526 1834 comm.
565 1804 613 1849 p.
656 1785 785 1848 253]
826 1787 1092 1835 uerissime
1130 1787 1338 1834 monuit.

285 1861 389 1909 293
431 1864 731 1921 extenta-sque
767 1860 975 1908 Aldina:
1017 1865 1341 1920 eoetremasqne
1374 1861 1434 1907 V.
1475 1860 1591 1907 uide
1630 1858 1834 1908 tabulas

135 1931 416 1995 Campanas
456 1936 507 1983 et
531 1934 931 1983 emendationem
968 1935 1120 1984 istam
1157 1935 1307 1996 plane
1347 1934 1685 1982 necessariam
1725 1949 1835 1982 esse

134 2008 322 2056 credes.
1778 2043 1780 2045 ·

283 2083 387 2130 302
429 2082 628 2130 adstare
666 2083 865 2143 scripsi:
905 2085 1088 2130 instare
1126 2082 1186 2129 V.
1237 2082 1326 2130 sed
1378 2081 1580 2129 astandi
1618 2081 1833 2129 uerbum

133 2154 186 2201 in
223 2155 410 2202 talibus
448 2155 573 2203 uisis
611 2155 867 2203 nocturnis
909 2155 1148 2202 sollemne
1189 2157 1279 2203 est.

284 2229 389 2276 306
429 2243 559 2276 nume
596 2226 842 2291 Kochius,
883 2244 1003 2290 ego:
1043 2229 1249 2289 dwmqne
1287 2228 1348 2274 V.
1393 2254 1455 2260 —
1502 2231 1599 2276 tuto
1641 2226 1832 2276 Grono-

132 2302 267 2348 uius:
308 2305 400 2349 toto
438 2302 500 2349 V.

283 2376 388 2423 307
414 2376 709 2433 ὡνιοενΐωιηεῦ
745 2391 861 2437 ego:
900 2377 1112 2424 incertus
1151 2375 1210 2423 V.

281 2450 386 2496 308
426 2450 528 2497 iam
565 2451 667 2497 iasm
705 2465 822 2512 ego:
860 2451 963 2498 iam
999 2463 1129 2498 nunc
1153 2449 1221 2512 V3
1262 2450 1321 2496 cf.
1356 2464 1483 2511 quae
1509 2449 1610 2496 dixi
1651 2449 1711 2496 de
1751 2450 1831 2496 his

131 2520 362 2571 uersibus
401 2523 455 2570 in
490 2522 803 2571 Fleckeiseni
840 2523 1006 2573 annal.
1047 2524 1188 2572 1872
1229 2539 1277 2584 p.
1319 2524 1442 2571 200.

282 2597 386 2645 319
428 2591 586 2645 obruit
623 2596 821 2658 scripsi:
862 2597 1049 2646 obruad
1085 2596 1153 2659 V3
1193 2597 1253 2644 cf.
1294 2597 1359 2644 ad
1392 2596 1417 2644 I
1455 2597 1524 2644 58
1575 2596 1830 2644 adnotata.

131 2669 503 2717 coniunctiuum
542 2670 788 2732 quomodo
829 2670 1020 2719 tuearis
1058 2685 1160 2719 non
1196 2670 1359 2718 uideo.

280 2744 383 2791 331
426 2745 648 2803 deficiam
685 2760 719 2793 a
755 2744 1026 2805 Scythiemn
1050 2744 1250 2806 scripsi:
1292 2745 1579 2802 deficiamus
1603 2744 1824 2792 eithiewm

129 2815 188 2863 V.
237 2816 415 2864 deinde
454 2817 499 2863 V
537 2818 631 2866 hoc
678 2818 832 2866 habet
879 2813 1125 2866 emetuens
1173 2820 1450 2879 potumque
1508 2811 1830 2879 cretamque',

130 2890 261 2951 quod
307 2890 359 2937 in
406 2889 443 2938 C
491 2892 542 2938 et
588 2892 835 2953 excerptis
883 2892 1126 2940 Parisinis
1178 2891 1251 2938 ita
1291 2893 1370 2939 est
1423 2892 1699 2939 correctum
1744 2888 1828 2951 [cf.

1407 2972 1471 3016 b*
