1982 3120
218 115 342 160 XLII
891 113 1234 158 PRAEFATIO

218 243 277 288 ut
317 239 608 301 saepissime
647 238 783 300 apud.
804 238 1081 300 Valerium,
1121 238 1266 286 docet
1289 239 1430 286 Maro
1457 235 1550 300 [IX
1575 235 1668 300 21]
1710 233 1910 301 ‘sequor

220 313 388 362 omina
424 315 569 361 tanta
592 311 816 375 quisquis
854 312 908 359 in
946 327 1087 359 arma
1108 307 1295 360 uocas'.
1318 312 1489 374 itaque
1521 328 1582 360 ex
1605 307 1725 361 ‘uel'
1765 313 1911 361 elicui

221 381 373 436 ‘ciet'.
451 387 628 434 deinde
665 402 757 448 pro
799 379 970 433 ‘fallit'
1011 385 1125 432 dedi
1165 380 1353 433 ‘altus'.'
1413 402 1531 434 nam
1569 386 1934 435 adsurrexisse.

220 460 285 508 ad
323 461 450 509 talia
489 461 654 508 omina
677 458 874 507 ueteres
901 475 973 506 ex.
999 475 1073 520 gr.
1100 474 1158 505 ex
1181 458 1408 521 Vergilio
1452 458 1524 521 [ΙΙ
1566 457 1693 521 699]
1735 460 1909 509 elucet.

372 536 475 582 681
518 535 654 581 unda
696 533 1043 580 Schenkelius:
1082 534 1260 580 umbra
1298 532 1344 579 V
1384 548 1443 580 ex
1478 533 1556 581 III
1597 535 1717 583 215.

370 609 473 655 702
516 622 606 656 ora
650 608 734 655 ubi
773 606 970 668 scripsi:
1018 607 1184 655 oscula
1230 605 1277 652 V
1315 606 1497 668 inepte.
1575 601 1684 655 ‘ora
1720 607 1909 669 pallen-

215 675 309 729 tia’
348 681 504 728 habes
544 680 617 727 IV
656 682 766 730 490
806 696 899 742 sq.;
939 679 1037 727 VII
1079 682 1161 729 79.

369 755 473 803 705
529 752 732 802 saeuum
786 753 984 815 scripsi:
1039 768 1202 802 serum
1254 753 1302 800 V
1355 754 1460 802 sine
1515 768 1664 802 sensu
1715 754 1908 803 idoneo.
1972 783 1974 785 >

218 822 448 889 ‘uerum',
479 828 612 889 quod
648 828 968 875 Burmannus
993 828 1173 889 uoluit,
1213 827 1398 874 mirum
1421 829 1664 889 quantum
1686 827 1910 890 languet.

214 902 356 950 uides
397 918 546 963 quam
585 904 703 964 apte
743 896 944 950 ‘saeuus
984 895 1184 950 Phasis'
1226 904 1276 949 et
1324 896 1490 949 ‘mites
1531 894 1730 967 (contra
1766 903 1910 950 natu-

216 991 327 1023 ram
367 968 533 1042 suam)
574 969 765 1023 Colchi'
774 1012 776 1014 .
806 975 904 1023 sibi
942 978 1273 1037 opponantur.

368 1050 472 1097 709
513 1049 984 1098 haee—manebam
1022 1049 1225 1110 scripsi:
1276 1050 1667 1098 et—memebant
1710 1048 1770 1096 V.
1850 1047 1910 1097 cf.

369 1197 473 1244 715
513 1198 706 1244 iunctus
746 1196 914 1244 Thilo:
957 1198 1182 1255 quamuis
1220 1195 1280 1242 V.

367 1271 472 1318 716
513 1273 579 1317 tot
609 1269 807 1331 scripsi:
848 1274 892 1317 et
913 1270 972 1317 V.
1020 1270 1267 1331 plerique,
1307 1270 1439 1317 inter
1478 1285 1601 1331 quos
1624 1269 1910 1331 nuperrime

214 1342 370 1391 etiam
416 1343 703 1406 Maduigius
754 1344 945 1404 extitit,
993 1359 1105 1390 cum
1150 1359 1251 1391 non
1295 1343 1649 1406 intellegerent
1692 1343 1912 1405 primum

216 1415 276 1464 de
331 1416 481 1465 Ponti
526 1417 818 1479 latitudine,
875 1417 1052 1464 deinde
1108 1417 1168 1464 de
1223 1432 1469 1479 aquarum
1520 1417 1756 1465 ubertate
1811 1417 1910 1479 agi,

215 1505 372 1552 praue
413 1490 473 1538 de
511 1491 591 1539 his
623 1491 855 1539 uersibus
888 1491 1288 1552 disputauerunt.

366 1565 473 1613 718
519 1579 638 1612 num
686 1564 1085 1613 Slothouwerus:
1131 1579 1230 1612 non
1276 1564 1345 1626 V;
1394 1564 1573 1613 ceteris
1620 1564 1722 1612 uiri
1773 1563 1909 1612 illius

213 1637 349 1686 docti
386 1639 751 1686 mutationibus
789 1654 890 1686 non
928 1655 1052 1700 opus
1093 1640 1184 1687 est.

367 1714 470 1760 719
490 1715 493 1718 ⁴
512 1712 778 1772 Nomasque
814 1712 1036 1760 nondum
1075 1714 1358 1760 correctum
1398 1727 1456 1758 ex
1496 1711 1543 1758 V
1581 1711 1798 1760 restitui.

366 1786 473 1834 730
515 1801 586 1847 sq.
625 1786 799 1833 malim
824 1781 1005 1847 ‘primo
1030 1801 1120 1833 nec
1158 1801 1278 1833 uere
1302 1785 1608 1847 profundum
1640 1800 1678 1834 s.
1719 1800 1764 1832 a.
1789 1785 1908 1833 solis

212 1873 326 1906 cum
363 1853 483 1906 lux'.

366 1934 470 1980 734
511 1935 715 1992 requirit
753 1934 950 1994 scripsi:
992 1935 1198 1993 exquirit
1235 1933 1295 1979 V.

365 2007 468 2054 746
523 2007 722 2055 habenis
773 2006 1132 2068 Weytingkius
1188 2007 1252 2053 ad
1306 2006 1452 2054 Hom.
1506 2005 1617 2053 Lat.
1670 2021 1718 2066 p.
1779 2006 1907 2054 230:

211 2078 411 2131 harewis
448 2079 507 2127 V.

366 2153 469 2200 758
510 2153 653 2202 inliso
696 2152 990 2201 Columbus:
1028 2155 1187 2201 inuiso
1226 2152 1285 2202 V.

315 2373 360 2419 V
402 2374 431 2421 3
480 2374 664 2422 dudum
711 2375 927 2421 conscius
975 2373 1174 2433 scripsi:
1235 2377 1336 2421 tum
1380 2388 1478 2421 now
1515 2374 1699 2421 inscius
1736 2371 1804 2435 V3
1846 2372 1907 2420 cf.

210 2445 236 2495 I
276 2447 380 2495 238
415 2462 486 2508 sq.

363 2522 430 2568 35
469 2518 739 2568 Aesonides
778 2519 910 2567 edd.:
950 2517 1227 2568 Aesonidus
1265 2519 1323 2566 V.

364 2595 432 2642 38
474 2595 557 2653 qui
596 2593 793 2655 scripsi:
834 2607 955 2653 quas
992 2591 1052 2640 V.

361 2667 429 2715 55
470 2667 645 2714 malim
684 2661 1001 2716 ‘tabentibus'.

362 2742 431 2788 56
475 2743 697 2790 extremis
735 2740 932 2802 scripsi:
973 2742 1192 2789 extermis
1223 2740 1284 2788 V.

366 2815 431 2861 72
473 2816 679 2863 miseras
717 2814 907 2862 addidi:
948 2829 1043 2862 om.
1081 2813 1141 2861 V.

365 2888 433 2933 84
478 2889 690 2947 referens
729 2887 926 2950 scripsi:
965 2890 1180 2947 repetens
1217 2886 1276 2934 V.
