1982 3120
62 161 69 166 .
761 119 845 163 AD
878 118 990 164 LIB.
1023 120 1078 163 11.
1600 119 1751 164 XXIX

36 182 51 219 ἓ
884 186 890 190 .

36 219 131 294 ⁷]-
171 248 288 309 post
332 247 455 294 haec
492 245 650 293 uerba
688 245 862 306 aperte
900 243 1159 292 intercidit
1212 259 1405 292 uersus.
1479 259 1599 292 nam
1637 259 1754 291 cum

4 358 5 362 ,
35 317 178 394 {pars
216 320 444 369 uirorum
482 318 702 381 effugere
739 318 963 366 uoluisse
1003 317 1220 380 dicatur,
1268 317 1389 380 quid
1428 317 1577 365 alteri
1615 318 1754 379 parti

5 423 8 426 ·
35 350 250 447 Iactum
289 393 356 441 sit
394 393 519 442 scire
557 393 800 453 cupimus.
875 391 992 439 111110
1037 391 1269 453 suppleui
1324 385 1461 453 pars
1519 391 1634 439 inde
1679 392 1753 439 ui-

46 483 232 516 -rorum
253 466 584 528 consumpta
571 481 625 513 m
648 481 820 514 somno
843 459 1095 514 flammis'.
1126 480 1244 513 nam
1266 465 1505 513 librarius
1531 481 1560 512 a
1583 469 1752 527 priore

0 574 7 610 ‚
59 535 219 604 ‘pars'
259 541 323 588 ad
362 541 579 588 alterum
618 540 876 588 aberrauit
914 539 1086 588 oculis.

210 616 315 663 243
379 629 492 663 orsa
551 614 812 662 Heinsius:
881 627 971 661 ora
1030 613 1091 661 V.
1157 638 1220 645 —-
1286 614 1493 673 furentis
1554 612 1754 674 scripsi:

0 737 7 747 ,
63 690 250 736 mentis
286 689 346 735 V.

210 763 318 809 250
358 763 471 810 laeti
509 761 707 822 scripsi:
730 761 867 821 ‘laesi
889 758 949 807 V.
989 753 1168 808 ‘saeui'
1192 759 1488 822 Meynckius
1528 761 1552 806 I
1591 777 1639 821 p.
1667 761 1752 808 38.

211 836 316 884 259
380 836 534 883 thobus
591 835 674 882 Fr.
735 834 770 881 J
772 833 1001 884 acobsius
1065 829 1245 894 [addit.
1306 833 1641 881 animaduerS.
1702 834 1756 880 in

60 908 311 957 Athenaei
341 909 681 970 Deipnosoph.
720 925 767 970 p.
792 905 911 968 42]:
952 907 1125 955 chorus
1147 907 1209 969 V,
1249 907 1382 968 quod
1403 922 1564 968 nuper
1587 907 1756 968 inepte

61 982 285 1030 defendit
323 981 658 1037 Schenkeliusv
689 979 844 1043 [stud.
883 998 932 1043 p.
973 978 1083 1042 97].

211 1058 319 1105 270
360 1057 514 1105 elatus
550 1056 811 1104 Heinsius:
850 1055 1040 1103 uelatus
1077 1054 1138 1102 V.

211 1132 313 1178 271
358 1132 411 1177 in
447 1131 595 1178 niuea
633 1129 831 1191 scripsi:
870 1131 1018 1176 niuea
1056 1128 1117 1175 V.

211 1204 319 1251 280
359 1204 595 1251 occulerat
639 1219 699 1250 ex
737 1201 784 1248 V
830 1202 1057 1263 restitui:
1103 1201 1164 1249 cf.
1211 1201 1340 1249 Phil.
1379 1201 1666 1264 Wagnerus
1706 1201 1757 1248 II

209 1353 325 1411 post
375 1368 423 1398 11.
479 1351 585 1398 283
633 1350 781 1398 unius
834 1364 1014 1397 uersus
1068 1349 1302 1397 lacunam
1346 1348 1577 1397 indicaui.
1661 1349 1761 1396 uiri

61 1423 198 1472 docti
234 1438 347 1471 cum
385 1441 433 1471 u.
468 1425 574 1472 284
599 1423 847 1471 traditum
886 1416 975 1471 ‘et'
1015 1423 1069 1469 in
1108 1416 1201 1470 ‘at'
1241 1423 1326 1470 uel
1365 1416 1492 1471 ‘sed'
1533 1423 1616 1470 uel
1641 1417 1757 1470 ‘est'

60 1498 339 1559 mutarent,
377 1513 477 1546 non
515 1498 814 1546 amnuerunt
850 1497 1056 1544 nimiam
1095 1511 1195 1558 qua
1232 1497 1370 1545 loeus
1409 1496 1608 1544 laborat
1647 1497 1756 1543 bre-

61 1571 289 1620 uitatem.

213 1647 318 1693 294
359 1646 451 1693 heu
486 1659 649 1693 serwm
685 1660 746 1692 ex
784 1644 831 1690 V
870 1644 1085 1692 restitui.

213 1719 317 1767 317
361 1722 403 1766 te
449 1720 602 1767 anxia
640 1734 760 1780 ego,
802 1715 913 1765 Ceto
950 1717 1214 1766 Heinsius:
1251 1719 1471 1766 ‘maxima
1510 1718 1662 1765 laetae
1700 1716 1759 1765 V.

213 1793 319 1840 318
358 1792 561 1841 Phariis
598 1793 694 1852 fert
728 1791 991 1839 Heinsius:
1023 1791 1197 1852 pharii
1229 1805 1284 1839 se
1321 1791 1382 1839 V.

214 1867 319 1914 319
359 1868 547 1915 uexisse
591 1880 735 1914 suam
778 1867 958 1914 inmotis
1016 1865 1215 1926 scripsi:
1262 1866 1761 1913 rexissuiasiniwnctis

63 1938 133 2000 V:
188 1933 396 1988 ‘rexisse
443 1940 552 1988 uias
607 1933 811 1987 iunctis'
867 1938 977 1987 edd.
1023 1939 1207 2000 inepte.
1293 1954 1411 1986 nam
1457 1938 1589 2000 quod
1638 1938 1760 1986 Ceto

64 2015 117 2060 et
155 2012 368 2062 Proteus
409 2014 529 2062 olim
567 2013 632 2061 ad
669 2014 888 2061 insulam
925 2012 1149 2061 Lemnon
1186 2013 1285 2061 iter
1334 2013 1592 2073 rexerunt,
1643 2011 1760 2074 quid

62 2086 181 2134 inde
220 2087 280 2134 de
318 2087 539 2150 Polyxus
580 2087 775 2149 origine
815 2086 1086 2135 coniectari
1122 2085 1321 2148 potuit?

215 2161 322 2208 320
359 2161 477 2209 haec
512 2163 624 2209 imis
664 2161 867 2221 scripsi:
907 2162 1136 2219 saepimis
1175 2160 1222 2206 V
1263 2154 1545 2225 (praecedit
1583 2153 1684 2224 εε’).

216 2234 319 2280 322
362 2234 554 2282 deoetcra
590 2233 780 2280 addidi:
821 2249 916 2281 om.
955 2233 1015 2281 V.

216 2307 321 2354 323
362 2308 530 2355 mehor
567 2307 833 2355 Heinsius:
874 2307 1027 2354 leuior
1065 2306 1125 2353 V.

216 2381 321 2428 337
363 2381 420 2429 ob
458 2395 653 2429 sacrusm
693 2380 892 2442 scripsi:
932 2381 1017 2428 hoc
1060 2380 1246 2439 factum
1283 2379 1343 2427 V.
1384 2382 1607 2448 ceterum
1644 2395 1765 2427 num

67 2454 225 2501 latine
270 2454 431 2515 possit
481 2454 578 2502 dici
629 2449 783 2502 ‘tacet
827 2448 1036 2502 fulmen'
1084 2469 1175 2515 pro
1222 2469 1280 2501 eo
1321 2453 1455 2516 quod
1493 2455 1572 2501 est
1612 2447 1766 2500 ‘tacet

73 2527 267 2576 sonitus
306 2543 366 2575 ex
402 2527 697 2576 fulminibus
737 2527 978 2576 cudendis
1018 2521 1218 2589 oriens',
1266 2526 1326 2574 de
1372 2527 1466 2574 hac
1504 2542 1558 2575 re
1599 2527 1765 2574 admo-

70 2600 191 2648 dum
229 2600 418 2650 dubito.
495 2604 617 2664 puto
656 2601 920 2649 Valerium
966 2601 1162 2649 dedisse
1210 2596 1398 2648 ‘taceat
1443 2601 1544 2647 iam
1581 2614 1766 2647 numen

72 2674 126 2721 in
164 2669 342 2722 antro'.

224 2748 330 2795 338
371 2752 473 2797 ὑιιηι
512 2749 710 2811 scripsi:
751 2763 859 2797 cum
896 2748 956 2797 V.

225 2822 330 2868 352
372 2836 464 2882 quo
501 2823 611 2882 fata
646 2822 909 2871 Heinsius:
948 2837 1071 2884 quae
1108 2823 1216 2882 fata
1256 2821 1314 2869 V.

223 2895 330 2942 359
387 2909 575 2955 meoque
623 2897 699 2944 dei
752 2895 984 2957 Pamyaea
1042 2897 1130 2944 sub
1184 2897 1281 2942 ictas
1341 2893 1664 2955 &amaraque
1725 2898 1768 2943 et
