1982 3120
790 161 874 205 AD
905 161 1016 205 LIB.
1049 160 1126 204 111.
1598 159 1794 210 XXXIII

285 289 351 336 31
394 286 691 336 Procnessmi
751 301 812 333 ex
863 285 909 332 V
962 285 1185 347 restitui3
1247 285 1308 333 cf.
1346 284 1699 334 Fleckeisenus
1738 285 1794 332 in

13 350 19 356 ⁶
97 361 260 413 annal.
302 361 405 410 suis
445 376 489 408 a.
532 361 674 409 1872
714 376 762 422 p.
803 359 926 408 576.

284 436 352 483 35
394 437 438 482 et
467 438 510 482 te
546 436 650 482 iam
687 434 740 480 M
780 448 822 480 a.
862 450 927 482 m.
970 447 1071 481 sec:
1114 446 1214 481 ecce
1250 434 1353 481 iam
1391 432 1450 480 V.

284 510 352 557 39
395 511 446 556 at
483 509 568 567 qai
605 507 735 554 Phil.
773 506 1059 569 Wagnerus
1099 506 1125 554 I
1162 523 1209 568 p.
1252 507 1380 555 635:
1421 509 1562 567 atque
1602 505 1661 553 V.

284 583 352 630 49
395 582 509 629 latet
546 581 745 643 scripsi:
774 584 915 641 patet
949 579 1012 628 V.
1123 624 1125 626 ,

286 655 353 704 65
396 655 562 716 aeqide
597 654 860 703 Heinsius:
900 654 1087 702 aethere
1125 654 1185 702 V.

286 729 354 777 55
397 730 557 777 tacitis
591 727 856 776 Heinsius:
896 728 1044 775 tantis
1081 727 1142 774 V.

287 803 362 856 56,
396 803 485 851 illa
523 794 653 866 (scil.
689 793 812 866 uox)
855 800 1054 863 scripsi:
1094 800 1176 848 ille
1199 800 1272 853 V.

286 877 354 924 63
394 876 506 923 hinc
543 877 632 923 ciet
666 888 778 923 aere
817 874 1016 936 scripsi:
1055 874 1285 923 indiciere
1323 873 1382 921 V.
1416 888 1681 935 expressus
1721 875 1798 922 est

99 949 240 997 Maro
283 946 379 1010 [VI
422 946 551 1010 165]
594 943 730 996 ‘aere
770 948 900 996 ciere
940 942 1114 996 uiros'.

287 1024 354 1071 76
397 1017 513 1071 euox
551 1022 772 1085 peruigil
811 1015 984 1071 armis'
1024 1021 1312 1083 Maduigius
1354 1021 1553 1070 sublato
1591 1021 1800 1070 lacunae

100 1110 258 1158 signo,
512 1152 517 1156 .

289 1171 356 1218 85
398 1171 675 1230 sanquine&
707 1169 910 1231 scripsi:
949 1171 1186 1230 sanyinae
1207 1167 1276 1232 V;
1317 1169 1378 1216 cf.
1404 1167 1527 1216 Aen.
1552 1167 1651 1216 XII
1678 1170 1800 1216 322.

255 1245 356 1290 121
402 1258 707 1306 quamquam
752 1242 939 1291 retinui
983 1242 1185 1290 Bentlei
1230 1242 1568 1291 coniecturam
1615 1257 1645 1289 a
1684 1242 1801 1289 Thi-

99 1318 212 1366 lone
263 1317 531 1380 receptam,
587 1319 760 1366 tamen
806 1316 932 1364 mihi
982 1332 1074 1379 pro
1122 1318 1258 1365 certo
1308 1317 1407 1379 est,
1456 1316 1617 1365 latere
1665 1315 1804 1363 aliud

101 1392 222 1455 quid
268 1391 360 1439 sub
410 1391 598 1440 litteris
638 1390 842 1440 traditis
883 1385 956 1438 ‘in
992 1406 1089 1453 quo
1130 1406 1276 1439 omen
1313 1405 1507 1439 masere
1547 1383 1802 1439 ministri'.

101 1468 155 1515 et
206 1467 405 1527 partem
444 1465 650 1527 quidem
711 1465 823 1513 ueri
882 1465 1166 1527 repperisse
1227 1464 1352 1512 mihi
1405 1464 1580 1514 uideor
1635 1458 1804 1527 einque

102 1533 289 1600 omen'3
329 1538 390 1586 cf.
413 1538 675 1601 Vergilius
709 1535 830 1599 [XII
870 1532 1027 1601 854];
1068 1532 1301 1586 eniasere'
1343 1538 1607 1586 emendent
1644 1537 1802 1589 felici-

102 1627 228 1661 ores
1201 1625 1204 1628 ·

255 1687 359 1734 125
399 1677 518 1735 ambe
554 1685 623 1733 V:
664 1699 775 1734 arce
814 1684 866 1734 C.

255 1761 358 1808 133
401 1763 614 1820 tentoque
652 1758 852 1821 scripsi:
893 1762 1108 1819 totasque
1146 1759 1204 1806 V.

256 1834 360 1882 134
400 1834 889 1892 aduersa—flamma
926 1832 987 1896 V,
1028 1847 1152 1880 corr.
1192 1833 1446 1881 Heinsius.

260 1908 365 1955 136
422 1911 686 1956 comantem
740 1907 938 1969 scripsi:
996 1909 1203 1955 comanti
1253 1907 1298 1953 V
1351 1907 1536 1969 inepte.
1628 1906 1802 1955 credas

106 1982 390 2030 siluestrem
437 1981 656 2043 aliquem
710 1981 963 2029 hominem
999 1980 1189 2029 uidere.
1265 1981 1349 2028 fax
1387 1996 1594 2043 corpore
1635 1996 1805 2042 super-

103 2054 246 2116 lapso
286 2069 453 2103 comas
493 2055 704 2117 spargit.

258 2129 359 2176 141
404 2129 628 2176 dissecuit
665 2128 962 2191 Sabellicus:
1003 2129 1188 2176 disiecit
1224 2128 1283 2175 V.

261 2203 364 2249 143
406 2202 645 2250 cadauere
669 2201 867 2263 scripsi:
902 2202 1148 2249 cadauera
1170 2201 1231 2248 V.
1257 2201 1344 2249 sed
1369 2202 1536 2263 opima
1560 2201 1807 2249 cadauera

107 2275 248 2323 nulla
286 2278 417 2322 sunt.
495 2277 560 2337 et,
599 2275 699 2323 nisi
737 2275 1015 2336 antiquitus
1043 2269 1325 2322 ‘cadauere'
1353 2274 1596 2337 scriptum
1636 2275 1806 2336 sumis,

106 2363 380 2411 numquam
431 2348 679 2411 quomodo
729 2342 955 2396 ‘Nestor'
1005 2349 1058 2395 in
1098 2342 1310 2396 ‘nostro’
1367 2349 1434 2397 sit
1474 2348 1807 2411 deprauatum

107 2422 388 2484 intelleges.

262 2497 367 2544 150
404 2498 632 2545 natantia
669 2495 929 2544 Heinsius:
969 2497 1189 2545 labantia
1227 2498 1358 2545 codd.

262 2571 366 2618 162
407 2571 567 2619 disicit
596 2569 799 2619 restitui
838 2585 897 2618 ex
921 2585 977 2618 eo
1004 2569 1137 2632 quod
1159 2570 1212 2617 M
1236 2564 1376 2635 (nam
1414 2569 1460 2616 V
1498 2587 1581 2618 uu.
1628 2572 1806 2618 146——

114 2644 218 2691 185
269 2636 482 2710 omittit)
537 2643 749 2706 praebet
797 2638 1029 2692 ‘disicet'.
1106 2659 1206 2692 non
1255 2644 1389 2692 enim
1434 2647 1570 2692 recte
1618 2643 1679 2691 de
1717 2644 1810 2692 hoc

110 2717 219 2765 loco
259 2717 543 2778 nuperrim<÷
584 2718 690 2780 egit
730 2716 786 2766 O.
826 2717 1130 2766 Ribbeckius
1172 2714 1362 2780 [comio.
1411 2718 1497 2765 lat.
1544 2717 1605 2765 fr.
1652 2717 1808 2779 praef.

112 2807 160 2853 p.
199 2787 360 2852 XIV].
435 2806 552 2838 nam
590 2806 746 2839 unum
783 2792 1005 2854 aliquam
1047 2791 1309 2854 dissicere,
1361 2791 1411 2838 id
1451 2793 1528 2839 est
1574 2791 1627 2838 in
1662 2791 1808 2840 binas

112 2865 286 2926 partes
349 2863 594 2927 diuidere,
658 2868 792 2915 recte
855 2865 1059 2928 dicitur3
1123 2865 1325 2927 agmina
1386 2865 1697 2927 dissipantur
1757 2866 1811 2912 in

114 2952 287 2987 omnes
325 2938 571 3000 regiones·

206 3028 293 3062 Val.
316 3027 487 3061 Flaccus.
1429 3035 1453 3064 C
