1982 3120
154 111 267 156 VIII
824 109 1186 155 PRAEFATIO.

159 234 308 284 Ennii
356 241 405 283 et
443 233 676 283 Horatius
725 236 989 283 satirarum
1037 235 1252 298 scriptor
1290 233 1467 283 Lucilii
1514 235 1738 299 uestigiis
1780 237 1853 285 *ita

162 314 303 357 erant
340 309 553 371 ingressi
593 313 648 356 ut
686 308 1080 371 praeclarissima
1105 322 1330 372 quaeque
1357 322 1532 357 eorum
1554 307 1662 357 loca
1698 307 1855 359 libere

159 380 544 431 aemularentur-
582 396 854 446 eorumque
909 381 1057 429 ssores
1114 380 1394 431 delibarem
1441 380 1526 445 [cf.
1576 381 1857 432 Macrobius

159 455 220 504 VI
273 453 298 504 1
351 461 402 504 et
448 452 633 503 Gellius
681 455 702 503 Ι
742 453 837 521 21,
888 453 942 517 7]
955 494 969 521 ,
1018 456 1088 503 sic
1133 453 1332 519 Vergilii
1379 457 1590 505 maxime
1638 458 1856 505 carmina

161 530 246 594 qui
291 536 463 593 postea
511 530 679 592 poesis
729 530 895 593 epicae
945 530 1219 577 extiterunt
1265 528 1487 578 cultores·
1536 528 1856 579 imitabantur

158 606 227 652 ita
274 608 330 651 ut
376 601 551 667 procul
598 601 763 650 habita
813 601 1054 667 spoliandi
1111 609 1160 651 et
1215 601 1502 652 excribendi
1556 605 1857 668 cogitatione

131 679 373 741 'ingenua
427 675 755 724 aemulatione
811 691 925 725 cum
980 691 1037 724 eo
1093 675 1281 725 uellent
1335 683 1542 726 certare.
1619 679 1855 726 nimirum

158 749 404 799 habebant
442 749 512 798 illi
550 751 602 798 in
641 749 1018 799 recitationibus
1058 749 1309 799 auditores
1343 765 1427 799 eos
1468 752 1567 816 qui,
1606 764 1722 800 cum
1760 752 1858 814 ipsi

159 825 369 873 lectione
411 821 610 887 Vergilii
652 829 820 872 essent
858 822 1034 872 imbuti
1075 823 1319 890 diligenti,
1359 824 1500 873 facile
1539 839 1660 873 num
1699 823 1857 873 felici·

159 905 237 947 ter
268 912 426 946 necne
452 912 583 945 nouo
623 904 797 962 poetae
839 896 1100 946 aemulatio
1139 897 1220 946 illa
1254 899 1486 947 cessisset
1511 897 1856 947 diiudicarent.

159 974 324 1035 itaque
365 972 660 1036 posterioris
700 972 875 1020 aetatis
909 973 1076 1035 epicos
1124 987 1223 1020 non
1269 971 1428 1020 solum
1468 973 1519 1020 in
1558 970 1857 1035 imaginibus

162 1044 612 1109 comparationibus
664 1039 989 1103 ἐπειςοδίοις
1040 1046 1422 1111 compositione,
1471 1044 1558 1094 sed
1604 1047 1755 1094 etiam
1803 1047 1858 1093 in

162 1118 368 1184 singulis
407 1117 660 1167 interdum
699 1118 1034 1168 locutionibus
1075 1114 1399 1186 (quamquam
1438 1118 1498 1167 de
1523 1118 1616 1167 hac
1656 1118 1860 1183 quidem
1936 1170 1939 1174 ,

160 1208 215 1241 re
249 1191 592 1241 difficillimum
632 1199 709 1241 est
746 1189 1010 1259 iudicium)
1036 1191 1305 1257 Vergilium
1345 1208 1459 1242 cum
1497 1192 1652 1242 libera
1691 1207 1856 1241 aemu-

160 1267 343 1316 latione
383 1267 567 1315 imitari
605 1266 849 1315 uidemus
898 1268 969 1315 sic
1010 1282 1124 1315 cum
1163 1265 1386 1316 Valerius
1427 1282 1500 1316 ex.
1540 1281 1611 1331 gr.
1652 1268 1703 1315 in
1741 1264 1858 1314 libri

162 1339 369 1390 secundi
410 1339 481 1402 [u.
518 1337 624 1389 174
665 1339 794 1404 sqq.]
845 1336 1128 1408 ἐπειςοὸίῳ
1169 1340 1381 1405 quodam
1404 1340 1648 1389 Venerem
1686 1338 1858 1389 mulie-

162 1430 243 1464 res
284 1414 572 1463 Lemniacas
621 1415 738 1463 facit
784 1416 1126 1479 instigantem,
1174 1420 1343 1479 aperte
1392 1416 1618 1479 sequitur
1659 1412 1862 1478 Vergilii

165 1487 225 1551 [V
265 1486 371 1538 618
413 1486 543 1553 sqq.]
585 1488 972 1553 descriptionem
1012 1488 1330 1554 simillimam3
1371 1490 1469 1555 sic,
1517 1503 1631 1537 cum
1669 1489 1721 1536 in
1759 1486 1860 1536 uiri

163 1562 372 1612 alicuius
420 1562 680 1611 fortissimi
744 1578 858 1611 cum
906 1560 1138 1611 Lucifero
1194 1564 1559 1627 comparatione
1616 1560 1861 1626 Vergilius

165 1636 295 1699 [VIII
344 1633 475 1699 590]
526 1636 788 1686 adiecisset
838 1632 1005 1701 ‘quem
1052 1636 1218 1686 Venus
1273 1643 1385 1686 ante
1442 1636 1562 1685 alios
1610 1642 1860 1685 astrorum

164 1709 321 1774 diligit
374 1706 549 1776 ignes',
598 1709 820 1759 Valerius
862 1710 947 1774 [VI
986 1707 1118 1773 528]
1168 1712 1219 1759 in
1270 1711 1441 1759 eadem
1491 1710 1858 1775 comparatione

164 1787 232 1834 ita
279 1800 394 1834 eum
442 1784 716 1834 aemulatus
764 1790 841 1834 est
880 1791 935 1834 ut
982 1791 1194 1849 poneret
1234 1780 1403 1848 ‘quem
1442 1783 1607 1833 Venus
1657 1783 1859 1834 inlustri

164 1858 345 1924 gaudet
382 1859 656 1923 procedere
698 1854 867 1908 caelo'.
925 1857 1102 1915 talibus
1148 1860 1199 1907 in
1240 1857 1651 1907 aemulationibus
1689 1857 1862 1906 nescio

165 1947 226 1981 an
272 1932 440 1982 nullus
494 1939 639 1997 poeta
686 1932 939 1982 Romanus
994 1932 1290 1997 prudentius
1338 1939 1409 1998 et,
1462 1938 1519 1981 ut
1564 1933 1632 1981 ita
1685 1930 1863 1996 dicam,

164 2000 433 2071 pudentius
473 2022 582 2056 sese
623 2008 834 2071 gesserit
873 2006 1078 2055 Valerio,
1157 2006 1237 2054 alii
1277 2008 1431 2072 enim,
1478 2013 1534 2055 ut
1575 2005 1725 2054 Silius
1763 2003 1856 2053 lta-

163 2080 313 2147 licuS,
359 2081 612 2130 interdum
659 2082 805 2129 nimis
860 2082 1002 2130 anxie
1050 2096 1104 2129 ac
1154 2079 1349 2146 timide,
1403 2079 1506 2145 alii,
1554 2085 1610 2128 ut
1658 2078 1862 2142 StatiUS,

166 2155 314 2203 nimis
384 2154 555 2203 callide
631 2170 686 2203 ac
747 2169 903 2219 paene
975 2153 1317 2204 fraudulenter
1378 2152 1580 2218 Vergilii
1649 2153 1862 2216 uestigia

165 2235 481 2295 presserunt3
551 2235 686 2278 certe
758 2228 817 2277 de
891 2228 1046 2278 Statio
1115 2229 1393 2278 rectissime
1463 2228 1621 2292 ipsius
1690 2224 1861 2275 uerbis

170 2301 364 2364 [Achill.
413 2303 434 2351 I
483 2300 577 2366 60]
628 2318 655 2351 a
702 2304 811 2351 uiro
860 2302 1006 2352 docto
1053 2304 1324 2366 nescioquo
1382 2301 1570 2349 dictum
1619 2306 1696 2349 est
1746 2313 1861 2348 eum

168 2375 333 2440 uulpis
387 2378 545 2425 instar
592 2376 837 2425 delenisse
892 2376 1078 2441 pedum
1132 2377 1342 2440 uestigia
1404 2374 1586 2423 caudis.
1665 2379 1716 2422 et
1768 2372 1861 2421 hac

170 2449 370 2514 quidem
409 2450 564 2499 libera
612 2450 940 2500 aemulatione
981 2451 1222 2515 optimum
1262 2463 1508 2514 quemque
1547 2452 1747 2512 poetam
1791 2446 1859 2494 la·

171 2526 329 2573 tinum
369 2539 483 2572 cum
524 2524 844 2574 nobilissimis
882 2526 1065 2589 prioris
1111 2525 1350 2588 temporis
1398 2521 1596 2572 uatibus
1659 2526 1855 2570 certare

169 2597 412 2647 uidemus,
468 2597 554 2646 sed
595 2600 727 2647 enim
765 2598 960 2647 labente
999 2597 1183 2648 iudicio
1224 2596 1370 2646 simul
1410 2603 1458 2644 et
1496 2595 1640 2660 poesi·
1674 2592 1862 2642 ultimis

172 2672 363 2734 antiqui
417 2673 527 2721 aeui
582 2671 892 2736 temporibus
941 2688 998 2720 eo
1055 2673 1288 2736 peruenit
1343 2684 1424 2718 res
1471 2675 1548 2733 ut,
1603 2682 1717 2716 cum
1763 2666 1862 2714 Ma-

171 2746 366 2794 uortius
392 2745 450 2794 de
477 2745 686 2795 ecclesia
712 2752 975 2794 centonem
999 2760 1135 2794 mere
1161 2743 1493 2808 Vergilianum
1525 2740 1864 2806 declamasset,

172 2817 422 2867 auditores
463 2834 576 2867 eum
600 2834 699 2868 non
740 2826 795 2867 ut
819 2820 982 2867 furem
1005 2818 1489 2882 impudentissimum
1529 2814 1865 2879 exsibilarent,

172 2891 258 2940 sed
314 2899 369 2940 ut
421 2891 698 2958 Maronem,
762 2894 803 2941 si
865 2892 939 2939 dis
1002 2892 1184 2957 placet,
1246 2892 1492 2939 iuniorem
1549 2888 1862 2938 celebrarent
