1982 3120
198 173 393 218 XXXVI
869 169 1218 215 PRAEFATIO

350 298 456 346 595
499 299 621 345 totas
660 295 857 358 scripsi:
897 288 1037 344 notas
1074 294 1135 342 V.

350 372 453 419 599
497 363 756 418 ‘moraest'
796 369 990 430 malim,
1031 383 1144 415 cum
1183 363 1416 417 ‘moraes'
1458 369 1523 417 sit
1560 370 1614 416 in
1646 369 1708 416 V.

351 445 456 492 613
505 445 630 492 orsis
671 443 869 504 scripsi:
918 457 1068 490 ausus
1113 441 1161 487 V
1197 442 1382 502 inepte.
1435 442 1558 504 quid
1596 443 1730 490 enim
1767 443 1896 504 peri-

202 518 303 566 culi
341 517 496 566 subiit
536 517 729 579 Tiphys
772 517 930 564 socios
969 515 1139 563 uerbis
1179 515 1475 576 increpans?
1516 510 1670 564 ‘orsa'
1708 532 1799 578 pro
1839 533 1897 564 eo

200 591 333 654 quod
372 593 449 639 est
489 584 684 638 ‘uerba'
716 590 836 651 poni
873 589 958 637 uel
995 589 1167 651 pueris
1205 591 1382 636 notum
1421 592 1511 638 est.

351 665 456 712 622
498 664 614 712 haec
651 667 753 711 twm
793 663 992 725 scripsi:
1031 663 1209 711 nedwm
1246 662 1306 710 V.

352 739 456 786 628
498 739 689 786 dixerat
726 740 778 785 at
812 737 1154 784 Burmannus:
1193 737 1383 785 dixerat
1420 740 1463 784 et
1499 736 1559 785 V.
1613 737 1674 784 de
1712 737 1900 786 formu-

199 813 365 860 larum
412 806 561 859 ‘dixit
608 805 694 873 et',
743 805 888 858 edixit
936 804 1008 858 at'
1057 810 1393 873 similiumque
1441 811 1727 859 discrimine
1773 810 1899 860 alias

200 885 450 947 copiosius
492 900 656 947 agam.
697 900 769 917 —
811 888 966 933 erecta
1005 884 1203 945 scripsi:
1251 885 1380 944 freta
1417 884 1464 932 V
1502 884 1734 933 absurde.
1802 900 1903 933 non

201 959 374 1008 obstat
426 960 599 1006 autem
653 958 990 1006 emendationi
1042 959 1246 1006 nostrae
1299 958 1433 1020 quod
1485 960 1666 1020 quarto
1721 958 1902 1006 abhinc
1950 1009 1952 1011 ,

199 1047 354 1080 uersu
397 1033 584 1080 iterum
637 1026 829 1094 ‘erigit'
875 1032 1079 1093 legitur.
1163 1031 1293 1080 hanc
1348 1032 1479 1080 enim
1534 1034 1723 1080 certam
1769 1032 1902 1095 apud

202 1108 379 1168 poetas
418 1106 604 1154 latinos
643 1105 874 1167 regulam
919 1106 1157 1167 inueniri,
1204 1107 1263 1152 ut
1307 1106 1460 1153 tertio
1507 1121 1702 1168 quoque
1749 1122 1903 1154 uersu

199 1180 334 1228 idem
370 1179 672 1228 uocabulum
709 1181 822 1226 tuto
865 1179 1015 1227 liceat
1053 1181 1295 1241 repetere,
1336 1179 1458 1226 alibi
1496 1178 1791 1242 significaui.
1830 1205 1903 1212 ——-

201 1255 425 1301 ceterum
477 1252 530 1300 id
577 1252 710 1314 quod.
764 1255 842 1300 est
889 1246 1110 1300 ‘studiis'
1157 1268 1257 1300 non
1310 1255 1444 1300 recte
1492 1253 1554 1300 de
1599 1253 1901 1301 factionibus

199 1327 506 1375 intellexere.

355 1401 459 1448 638
500 1402 554 1449 ia
590 1401 757 1461 imqia
797 1400 995 1461 scripsi:
1036 1401 1200 1461 iwryia
1238 1399 1298 1446 V.
1336 1399 1479 1448 illam
1508 1401 1717 1450 uoculae
1760 1394 1901 1448 ‘iam'

201 1474 523 1522 iterationem
561 1474 710 1522 ualde
750 1474 953 1521 adamat
993 1476 1145 1535 poeta
1182 1476 1366 1522 noster.

354 1549 458 1596 642
499 1550 629 1608 ferat
668 1548 867 1609 scripsi:
903 1561 1097 1608 yemens
1135 1547 1182 1594 V
1220 1563 1280 1594 ex
1319 1547 1493 1609 glossa
1539 1540 1691 1615 (quae
1729 1547 1901 1610 genui·
1976 1556 1979 1560 “

201 1637 320 1669 nam
372 1621 638 1669 lectionem
693 1614 923 1687 expulit),
979 1636 1093 1669 cum
1136 1620 1376 1670 librarius
1430 1621 1558 1668 illud
1614 1616 1723 1669 ‘sed
1769 1622 1900 1670 socio

203 1689 533 1757 quocumque'
573 1695 730 1742 nimia
767 1695 1020 1743 breuitate
1061 1694 1251 1743 dictum
1287 1696 1506 1756 putaret.
1569 1729 1579 1741 .

355 1770 459 1816 646
501 1770 774 1828 potioribus
818 1769 900 1817 ille
951 1769 1191 1817 deteriora
1241 1769 1425 1828 swens.
1505 1768 1783 1817 rectissimo
1830 1769 1902 1816 iu-

203 1842 332 1890 dicio
379 1843 507 1890 hanc
553 1842 799 1890 librorum
854 1842 1156 1903 scripturam
1208 1842 1262 1889 in
1315 1842 1649 1903 suspicionem
1700 1840 1904 1891 uocauit

203 1915 647 1978 Eyssenhardtius.
724 1931 843 1963 nam
881 1916 1027 1963 Thilo
1069 1931 1181 1963 cum
1205 1909 1526 1977 ‘potioribus'
1564 1931 1655 1977 pro
1680 1916 1903 1965 ablatiuo

205 2005 353 2050 quem
391 1989 711 2051 grammatici
764 1992 947 2038 uocant
986 1989 1376 2051 comparationis
1417 1992 1660 2052 sumeret,
1716 1990 1902 2038 oblitus

204 2064 283 2110 est
319 2063 457 2110 nullo
497 2062 643 2110 modo
682 2064 794 2110 tum
832 2078 1003 2110 carere
1043 2079 1132 2110 nos
1172 2078 1320 2124 posse
1360 2062 1531 2111 addito
1570 2063 1657 2112 illo
1692 2057 1903 2126 ‘quam’3

205 2136 338 2198 quod
375 2136 532 2183 habes
573 2152 630 2184 eo
671 2153 819 2198 quem
855 2137 943 2184 ille
982 2137 1193 2184 contulit
1231 2137 1340 2185 loco
1382 2134 1504 2198 [VH
1549 2134 1704 2199 428];
1753 2137 1813 2185 cf.
1852 2140 1904 2186 et

205 2209 419 2271 Reisig-ii
465 2210 700 2271 praelect.
781 2207 813 2271 ξ
864 2212 969 2257 227
1017 2210 1185 2272 ibique
1233 2210 1467 2259 Haasius.
1543 2211 1716 2273 itaque
1763 2226 1902 2260 eram

205 2298 331 2345 cum⁷
370 2285 428 2330 ut
468 2298 776 2345 quocumque
817 2284 963 2332 modo
1002 2283 1245 2331 traditam
1282 2284 1549 2332 lectionem
1572 2284 1902 2346 defenderem,

206 2351 527 2417 ‘potioribus'
563 2356 714 2404 dandi
738 2372 871 2419 casu,
898 2373 1047 2418 quem
1069 2359 1254 2405 uocant
1275 2357 1576 2405 incommodi
1614 2351 1710 2422 (-·-=
1727 2361 1903 2406 contra

203 2424 475 2496 potiores),
522 2430 744 2491 positum
788 2431 1036 2492 putarem.
1113 2430 1246 2491 quod
1285 2445 1434 2492 quam
1472 2446 1654 2492 parum
1689 2431 1904 2480 feliciter

205 2503 556 2565 excogitarim,
619 2519 734 2551 mox
794 2504 1042 2565 perspexi.
1118 2519 1236 2551 nam
1294 2504 1499 2552 fouendi
1548 2504 1782 2568 uerbum,
1842 2509 1902 2554 ut

206 2577 312 2625 eius
359 2577 462 2625 fert
506 2579 714 2639 natura,
760 2593 862 2626 non
906 2579 1076 2638 potest
1124 2578 1267 2639 iungi
1317 2593 1430 2625 cum
1475 2577 1647 2629 datiuo
1693 2579 1793 2627 nisi
1829 2579 1903 2627 ita

204 2653 263 2698 ut
301 2651 492 2713 aliquid
529 2651 583 2697 in
622 2651 835 2699 alicuius
869 2651 1091 2713 gratiam
1127 2651 1290 2699 foueri
1329 2650 1653 2712 significetur.
1715 2653 1901 2715 itaque,

207 2739 322 2771 cum
381 2725 752 2787 Eyssenhardti
811 2725 1074 2773 inuentum
1136 2720 1321 2786 ‘potior
1394 2719 1594 2786 quibus'
1655 2726 1787 2774 male
1849 2742 1902 2775 se

206 2797 407 2859 habeat,
448 2799 553 2846 sine
593 2799 908 2847 cunctatione
948 2799 1150 2860 reposui
1191 2793 1300 2859 ‘pro
1339 2793 1597 2847 moribus'.

357 2873 463 2918 664
494 2887 602 2931 pam
640 2872 902 2921 Heinsius:
941 2873 1031 2932 fax
1068 2872 1129 2919 V.

358 2945 463 2992 670
511 2949 555 2992 et
601 2960 680 3005 eyo
739 2950 783 2994 et
834 2960 1127 3006 quocumque
1177 2959 1314 2994 uoces
1360 2961 1457 3005 qua
1506 2948 1717 3007 τεθνηῶτα
1769 2948 1901 3006 ferro
