1982 3120
755 83 1116 129 PRAEFATIO.
1719 84 1785 129 XI

24 211 54 258 ζ
86 214 312 264 Parisina
351 226 476 260 saec.
516 209 629 258 XIII
670 208 836 273 [Thilo
875 209 905 258 l.
946 209 974 258 l.
1015 225 1061 273 p.
1101 206 1338 271 LXXXV]
1381 223 1496 258 cum
1528 207 1780 257 Carrionis

85 287 260 337 codice
307 284 501 334 duobus
546 284 668 333 locis
717 284 1000 332 consentire
1048 282 1300 347 uiderent,
1350 281 1466 330 hinc
1515 297 1630 331 eum
1680 296 1782 330 non

24 351 38 368 ²
86 377 149 411 ex
203 359 433 408 Vaticano
489 364 655 407 ortum
709 373 819 406 esse
867 362 1163 406 statuerunt.
1227 371 1370 404 ¹nam
1431 362 1784 420 excerptorum

86 437 297 484 istorum
361 432 532 481 eadem
593 438 669 480 est
728 430 919 480 indoles
981 437 1127 494 atque
1189 429 1303 478 libri
1364 429 1571 494 Belgici:
1641 430 1783 478 nimi-
1822 463 1835 473 .

89 523 204 558 rum
240 510 293 556 in
343 513 557 571 utroque
605 505 825 554 maculae
873 506 1147 569 antiquitus
1194 503 1426 569 traditae,
1474 503 1635 567 quoad
1676 505 1784 551 eius

89 583 202 631 fieri
239 582 427 646 potuit,
468 579 687 628 sublatae
737 584 866 627 sunt.
927 580 1095 643 itaque
1143 577 1276 642 quod
1317 577 1351 626 C
1393 593 1508 626 cum
1546 577 1783 626 Parisinis

89 657 338 720 excerptis
393 654 413 702 I
468 651 577 703 330
630 668 721 717 pro
776 651 997 701 Vaticani
1050 651 1263 700 lectione
1312 647 1522 716 epaucis'
1576 650 1783 716 praebet

90 724 310 794 ‘raucis'‚
355 727 405 776 id
452 741 600 791 quam
645 725 786 774 facile
842 725 901 774 ab
956 731 1171 789 utroque
1227 731 1511 773 correctore
1567 726 1799 780 inueniri,

90 804 309 868 potuerit
354 807 570 866 apparet.
619 799 750 864 quod
791 805 958 849 autem
981 814 1135 848 uersu
1174 800 1460 863 insequenti
1486 798 1521 847 C
1556 805 1604 847 et
1628 798 1782 847 Paris.

88 892 179 942 pro
196 878 364 940 inepto
381 875 464 923 illo
483 869 809 938 ‘cretamque'
827 875 1163 938 reposuerunt
1179 868 1502 939 ‘polumque'‚
1517 872 1567 921 id
1586 887 1783 937 quoque

89 953 141 1000 in
187 957 400 1014 utroque
450 964 508 997 ex
558 947 906 1013 qualicumque
955 949 1240 996 coniectura
1300 946 1575 996 secundum
1620 946 1785 995 locum

92 1024 368 1074 Statianum
416 1022 592 1086 [Theb.
640 1021 706 1070 XI
755 1020 848 1085 67]
898 1028 1069 1071 natum
1124 1027 1213 1070 est.
1290 1036 1404 1070 nam
1454 1026 1505 1069 et
1557 1020 1786 1084 florilegii

88 1098 301 1147 Parisini
340 1103 684 1161 excerptorem
730 1103 780 1145 et
826 1095 1010 1145 codicis
1051 1095 1339 1144 Carroniani
1377 1094 1786 1159 interpolatorem

87 1172 303 1221 Statium
349 1171 476 1219 bene
524 1186 670 1219 nosse
717 1175 884 1234 potest
922 1169 1267 1218 demonstrari.
1346 1170 1512 1233 itaque
1553 1168 1783 1217 omnibus

88 1245 203 1294 libri
241 1245 426 1310 Belgici
465 1244 762 1293 lectionibus
794 1244 1168 1308 diligentissime
1208 1245 1469 1308 perpensis
1510 1258 1625 1291 eum
1663 1241 1786 1290 nihil

89 1319 222 1368 aliud
285 1334 393 1368 esse
448 1334 596 1383 quam
657 1318 877 1367 Vaticani
939 1317 1277 1383 apographum
1332 1317 1466 1365 docti
1528 1315 1786 1366 cuiusdam

90 1394 199 1442 Itali
216 1409 417 1442 manum
429 1393 813 1443 emendatricem
829 1407 1032 1458 passum
1048 1391 1307 1441 Thilonem
1335 1390 1785 1454 Schenkeliumque

92 1473 294 1516 secutus
341 1482 474 1516 nunc
522 1482 716 1516 censeo,
778 1482 879 1515 non
918 1474 1083 1516 tamen
1124 1465 1413 1514 Carrionem
1451 1467 1616 1529 ipsum
1655 1465 1784 1513 frau-

92 1541 204 1590 dem
251 1535 452 1607 fecisse,
499 1540 586 1590 sed
637 1540 902 1606 deceptum
948 1556 1057 1589 esse
1106 1555 1164 1588 eo
1213 1539 1345 1604 quod
1387 1538 1571 1588 codicis
1622 1537 1786 1587 scriba

92 1615 276 1664 saeculi
315 1615 493 1663 decimi
534 1616 832 1679 scripturam
871 1616 1092 1663 imitatus
1132 1621 1265 1662 esset
1304 1607 1379 1680 (id
1420 1611 1551 1677 quod
1600 1612 1783 1676 aliquo-

91 1691 221 1738 tiens
268 1704 393 1738 saec.
440 1687 524 1736 XV
574 1689 760 1737 factum
815 1703 922 1737 esse
979 1682 1223 1754 constat),
1271 1686 1594 1751 probabiliter
1634 1692 1785 1735 statu·

93 1769 242 1812 erunt
281 1762 454 1811 eidem.

242 1835 472 1885 Codicem
519 1838 670 1901 igitur
731 1835 1019 1886 Vaticanum
1081 1837 1286 1885 unicum
1347 1837 1397 1884 in
1460 1833 1786 1884 restituendis

92 1909 272 1959 Valerii
326 1910 495 1960 uerbis
550 1910 727 1959 ducem
782 1909 1064 1959 habeamus.
1158 1915 1416 1974 tantopere
1481 1914 1648 1957 autem
1704 1907 1784 1956 ille

94 1985 395 2049 deprauatus
443 1991 542 2050 est,
594 1984 699 2033 fere
748 1984 913 2033 nullus
969 1990 1025 2033 ut
1071 1999 1252 2045 uersus
1300 1999 1326 2031 a
1381 1982 1665 2047 corruptela
1723 1983 1787 2030 sit

94 2060 342 2108 immunis,
424 2073 722 2122 quamquam
769 2073 869 2106 non
916 2059 959 2106 is
1006 2060 1092 2121 qui
1138 2057 1177 2103 V
1225 2059 1446 2106 exarauit
1491 2056 1602 2121 plus
1642 2056 1787 2104 solito

92 2134 341 2197 peccauit3
394 2147 509 2179 nam
547 2131 647 2197 hic⁷
695 2138 751 2180 ut
798 2138 905 2180 erat
949 2131 1097 2179 homo
1145 2131 1340 2194 linguae
1396 2131 1576 2179 latinae
1629 2144 1785 2194 paene

90 2207 317 2270 ignaruS,
364 2205 585 2269 depinxit
630 2206 786 2269 magis
834 2219 981 2268 quam
1028 2203 1293 2268 descripsit
1331 2204 1521 2253 litteras
1560 2203 1789 2268 traditas;

92 2281 259 2342 itaque
301 2293 426 2343 quae
466 2278 581 2327 huic
628 2277 874 2327 debentur
921 2279 1042 2327 uitia
1098 2285 1271 2327 sanatu
1319 2284 1436 2327 sunt
1475 2278 1634 2326 facilia
1683 2278 1786 2325 sere

91 2354 271 2401 omnia.
350 2352 434 2401 sed
476 2354 607 2401 enim
646 2352 956 2417 corruptelae
989 2351 1124 2401 labes
1164 2352 1276 2400 inde
1319 2351 1378 2400 ab
1419 2354 1622 2416 antiquo
1663 2366 1787 2400 aeuo

91 2442 300 2491 serpens
341 2441 582 2475 summam
620 2426 855 2490 paulatim
893 2432 1108 2491 stragem
1147 2428 1244 2475 iam
1284 2432 1396 2475 ante
1434 2425 1549 2474 libri
1589 2411 1626 2471 V
1666 2432 1788 2474 tem-

93 2515 214 2565 pora
263 2500 497 2549 ediderat.
575 2507 624 2549 et
670 2500 905 2565 pleraque
947 2515 1070 2564 quae
1117 2502 1387 2565 scriptores
1436 2502 1626 2563 antiqui
1673 2514 1787 2547 con-

93 2580 354 2623 traxerunt
392 2573 568 2622 menda
614 2575 710 2622 iam
757 2575 808 2622 in
847 2576 953 2638 ipsa
993 2575 1284 2638 antiquitate
1334 2590 1443 2623 esse
1484 2580 1594 2622 orta
1640 2572 1787 2621 hodie

94 2647 199 2695 sere
241 2649 409 2697 scitur.
457 2663 618 2711 neque
659 2647 819 2696 solum
859 2647 1112 2712 stupidum
1153 2648 1429 2696 scribarum
1454 2662 1627 2711 vgenus
1652 2661 1787 2695 mera

95 2720 453 2771 uocabulorum
476 2727 695 2770 monstra
718 2728 1072 2787 procreauerat
1112 2722 1392 2785 multosque
1427 2736 1607 2770 uersus
1632 2735 1787 2786 praue

94 2796 352 2860 omiserat,
406 2795 491 2843 sed
543 2797 691 2844 etiam
738 2797 1043 2860 grammatici
1092 2795 1349 2844 cuiusdam
1397 2810 1544 2844 curae
1587 2796 1787 2843 criticae

97 2870 147 2916 in
194 2870 357 2933 ipsum
405 2866 676 2918 uerborum
723 2875 1009 2918 contextum
1065 2876 1181 2917 sunt
1237 2875 1480 2933 receptae.
1559 2870 1788 2933 quamuis
