1982 3120
159 71 246 115 XX
823 68 1170 114 PRAEFATIO

158 213 206 258 p.
255 192 349 257 XI]
407 190 732 256 ‘pontumque
790 188 1094 256 polumque'.
1185 194 1338 242 nullis
1393 195 1567 242 autem
1629 193 1856 242 artificiis

159 285 399 331 umquam
437 268 770 331 probabiliter
808 267 1128 329 explicabunt
1177 267 1422 329 quomodo
1475 267 1687 329 simplex
1729 267 1858 314 illud

165 337 472 404 ‘polumque'
533 342 586 389 in
650 335 975 402 ‘cretamque'
1038 341 1261 401 potuerit
1323 340 1610 402 deprauari.
1685 341 1855 403 itaque

161 417 256 463 hoc
294 416 574 478 antiquitus
612 416 879 481 traditum„
918 413 1045 460 illud
1082 429 1203 461 uero
1244 429 1303 461 ex
1342 414 1693 476 qualicumque
1740 429 1851 463 con-

159 490 351 537 iectura
389 489 666 550 repositum
705 504 815 536 esse
852 503 944 549 pro
992 489 1128 535 certo
1168 486 1426 535 habemus.
1512 488 1742 550 equidem
1798 503 1858 536 ex

161 557 488 624 ‘cretamque'
528 564 663 610 recte
703 562 934 610 elicuisse
971 561 1096 608 mihi
1133 560 1308 608 uideor
1356 555 1679 623 epetrasque'.
1756 577 1856 624 qua

159 651 281 684 uoce
329 639 445 697 post
490 636 709 683 Ennium
755 651 815 684 ex
859 635 1022 696 poetis
1070 634 1150 683 usi
1198 636 1315 682 sunt
1361 633 1554 682 Statius
1603 631 1785 695 [Theb.
1830 633 1855 684 I

162 708 293 771 333]
336 712 387 758 et
427 709 614 758 Seneca
654 707 823 770 [Herc.
864 708 975 757 Oet.
1016 707 1171 770 808];
1212 709 1272 756 cf.
1296 708 1442 755 Anal.
1470 706 1652 756 Catull.
1692 724 1739 770 p.
1772 709 1856 756 51.

312 785 417 831 347
459 785 718 844 cedantque
754 782 794 830 P
834 781 887 829 M
927 799 956 829 a
995 799 1058 830 m.
1101 798 1216 831 sec.:
1260 783 1515 842 cedamque
1552 781 1612 830 V.

311 858 417 905 389
458 858 667 917 fetaeque
705 857 903 918 scripsi:
944 857 1114 916 selenis
1151 855 1211 903 V.

311 932 417 979 417
469 934 512 978 et
558 945 582 978 e
620 932 801 978 clausis
847 944 986 990 quem
1033 931 1233 977 destinet
1267 928 1451 978 Aeolus
1489 931 1660 978 antris.
1736 929 1860 977 haec

162 1019 276 1051 cum
299 1007 474 1065 aperte
499 1004 602 1052 sint
627 1004 923 1065 deprauata,
955 1003 1168 1051 Vossius
1192 1003 1420 1064 reposuit
1445 997 1614 1064 ‘quam
1638 1002 1860 1051 destinet

158 1077 349 1125 Aeolus
398 1071 571 1126 auris’.
646 1078 813 1139 potuit
870 1077 1060 1125 leniore
1107 1077 1384 1125 mutatione
1437 1092 1616 1124 uerum
1659 1076 1862 1124 restitui

161 1145 632 1212 ‘quem—austris'.
709 1167 827 1198 nam
866 1153 1111 1212 austrum,
1151 1152 1209 1198 ut
1248 1151 1335 1198 alii
1372 1152 1552 1212 poetae
1589 1149 1749 1212 latini,
1787 1150 1862 1199 ita

161 1223 398 1273 Valerius
437 1240 531 1286 pro
572 1225 798 1287 quolibet
836 1227 990 1272 uento
1030 1224 1222 1286 posuit3
1271 1224 1330 1271 cf.
1371 1224 1395 1271 I
1437 1225 1505 1272 97
1556 1218 1860 1285 einexpertos

158 1300 410 1360 temptare
476 1299 774 1360 parentibus
837 1292 1058 1346 austros'
1123 1301 1174 1345 et
1228 1298 1278 1345 ΙΙ
1342 1299 1411 1345 52
1465 1291 1709 1359 ‘quantis,
1770 1313 1861 1359 pro

159 1371 412 1435 Iuppiter,
452 1373 640 1420 austris
679 1366 994 1420 restitimus'.

310 1448 417 1494 436
458 1446 568 1494 hinc
607 1445 718 1494 edd.
757 1449 879 1494 uet.:
920 1447 995 1493 hie
1033 1445 1092 1493 V.

309 1521 417 1567 443
459 1523 541 1567 ἰαῦ
580 1520 786 1582 scripsi:
828 1524 908 1567 tuo
946 1519 994 1566 V
1040 1519 1223 1580 inepte.
1287 1519 1346 1566 cf.
1395 1519 1419 1566 Ι
1460 1519 1566 1568 353
1610 1512 1862 1566 ‘laeuom'.

159 1591 233 1639 IV
275 1594 381 1641 200
421 1587 654 1642 ‘saeuos'.
733 1594 806 1641 IV
849 1594 955 1641 575
998 1587 1203 1641 ‘ruont'.

309 1667 416 1714 445
457 1667 652 1715 frustra
691 1667 818 1714 illud
862 1660 1073 1728 ‘pendit'
1113 1666 1295 1713 nimiae
1326 1665 1687 1728 brachylogiae
1725 1666 1861 1714 ineu-

163 1742 278 1787 sant
343 1740 773 1804 Eyssenhardtius
836 1743 887 1788 et
948 1740 1078 1787 Phil.
1135 1739 1443 1802 Wagnerus3
1505 1739 1565 1787 cf.
1626 1738 1698 1786 IV
1753 1740 1859 1787 478

175 1806 538 1876 ‘scelerumque
577 1814 702 1862 mihi
746 1829 875 1862 nunc
930 1814 1139 1861 crimina
1190 1808 1360 1875 pendi'
1406 1815 1458 1861 et
1507 1813 1738 1860 Lucanus
1790 1809 1864 1873 [Π

173 1885 304 1948 313]
348 1882 609 1950 ‘quidquid
646 1888 860 1935 Romani
897 1889 1189 1935 meruerunt
1226 1887 1442 1948 pendere
1480 1881 1678 1934 mores'.

318 1961 425 2009 449
460 1963 701 2021 panderet
738 1954 813 2025 (id
856 1963 933 2008 est
974 1955 1248 2025 ‘siccaret')
1296 1961 1495 2022 scripsi:
1532 1960 1765 2020 penderet
1800 1959 1861 2007 V.

167 2028 441 2095 tperderet'
512 2034 622 2082 edd.
686 2035 791 2082 sine
862 2050 1026 2082 sensu.
1088 2059 1160 2069 -—
1226 2034 1291 2081 ib.
1356 2047 1538 2081 mersos
1595 2031 1860 2081 Heinsius:

160 2109 360 2157 miseros
396 2107 458 2155 V.
499 2123 564 2155 an
603 2102 904 2156 ‘madidos'P
994 2120 1003 2128 ‘

310 2182 416 2230 457
457 2195 544 2230 nec
581 2183 667 2230 tibi
706 2182 905 2243 scripsi:
946 2186 988 2229 et
1027 2183 1112 2229 tibi
1148 2181 1209 2228 V.

309 2256 418 2302 460
457 2255 572 2314 ferit
608 2255 950 2303 Burmannus:
980 2256 1105 2313 petit
1140 2254 1201 2301 V.

311 2329 417 2375 467
461 2328 722 2376 condiderit
759 2327 1020 2375 Heinsius:
1050 2328 1323 2387 perdiderit
1360 2327 1421 2374 V.

311 2402 418 2449 485
459 2415 615 2450 ouans
652 2400 912 2449 Heinsius:
953 2414 1105 2448 auem
1141 2400 1202 2447 V.

310 2475 416 2522 486
458 2475 726 2522 horrentem
763 2476 817 2522 in
854 2473 1125 2522 Heinsius:
1164 2474 1434 2523 horrentem
1471 2473 1532 2521 V.

312 2549 421 2595 490
470 2563 616 2608 quam
662 2548 1014 2596 Bur-marmus:
1068 2562 1176 2595 cum
1220 2547 1281 2594 V.
1332 2549 1384 2595 et
1437 2549 1516 2595 est
1568 2546 1695 2594 inud
1741 2540 1861 2594 ‘non

166 2621 315 2669 aliter
371 2616 540 2683 quam’
588 2623 647 2669 ut
694 2621 923 2683 Vergilio
977 2622 1052 2668 ita
1097 2620 1301 2668 Valerio
1349 2620 1604 2668 sollemnis
1657 2619 1858 2668 locutio..
1954 2615 1955 2618 '

168 2695 475 2743 sexcentiens
519 2698 688 2742 autem
728 2689 880 2742 ‘cum'
913 2696 964 2741 et
1004 2688 1193 2756 ‘quam'
1232 2694 1441 2741 uoculae
1478 2694 1531 2741 in
1569 2693 1709 2742 codd.
1749 2708 1860 2742 con·
1958 2683 1961 2702 ¹

164 2767 321 2816 fusae.

311 2843 414 2889 491
463 2842 733 2903 complexus
771 2841 908 2890 edd:
949 2855 1246 2901 compressus
1283 2840 1423 2888 codd.
1462 2841 1678 2889 insolite.
