1982 3120
189 116 362 160 XXXII
856 115 1200 160 PRAEFATIO

330 241 436 289 567
478 242 735 300 tacitosque
771 239 1029 288 Heinsius:
1068 242 1332 300 tacitusque
1368 241 1429 287 V.

330 314 437 362 569
486 314 697 361 immolet
742 317 996 374 ereptaque
1040 314 1146 362 luat
1187 326 1422 374 responsa
1457 315 1711 374 pharetra.
1787 330 1876 376 per

180 387 487 435 latinitatem
526 382 686 434 ‘luere
710 381 970 449 responsa'
1009 387 1082 433 m’l
1107 387 1357 448 significat
1379 384 1478 435 nisi
1518 382 1722 449 ‘poenas
1755 388 1877 437 dare

179 477 271 523 pro
319 454 594 523 responsis'
608 499 618 520 ,
667 460 799 523 quod
847 461 927 507 hic
973 459 1249 508 absurdum
1287 464 1378 508 est.
1454 462 1564 509 ueri
1601 461 1879 524 uestigium

182 535 409 583 seruauit
455 533 503 580 V
553 529 867 596 ‘eraptaque'
915 534 1169 582 exhibens.
1256 534 1371 602 lege
1422 529 1493 582 ‘et
1541 537 1690 597 rapta
1734 535 1878 583 ludat

180 602 454 670 responsa'.

330 682 434 730 571
478 684 694 729 auertere
733 680 1037 730 Gronouius:
1078 685 1265 730 uertere
1302 681 1362 730 V.

330 755 436 803 576
478 755 652 803 malim
692 749 829 803 ‘tunc
871 755 1003 804 ultro
1042 749 1225 817 plura'.

288 828 291 831 ’
331 829 438 877 580
479 845 551 891 sq.
598 832 642 875 et
684 830 860 877 ueteris
906 830 1112 877 tumulos
1148 830 1459 889 praelabitur
1506 830 1545 877 I
1544 830 1580 878 li
1626 829 1879 879 Dardwm'-

185 916 360 962 wmque
393 906 603 962 patrem.
679 902 817 950 nullo
865 902 1011 950 modo
1059 903 1360 950 uocabulum
1400 904 1547 965 quale
1594 906 1673 952 est
1713 897 1877 952 ‘ratis'

191 976 497 1038 cogitatione
545 975 742 1023 adsumi
787 979 978 1037 potest3
1033 976 1084 1022 id
1138 976 1270 1038 quod
1322 977 1449 1024 bene
1504 977 1661 1026 sensit
1712 977 1879 1025 Peerl·
1938 1029 1940 1032 ,

184 1049 418 1110 kampius
461 1046 548 1109 [ad
585 1049 739 1111 Verg.
779 1050 903 1097 Aen.
943 1050 968 1096 I
1009 1047 1156 1110 257].
1213 1052 1482 1112 postquam
1519 1053 1689 1099 autem
1727 1065 1879 1114 genu-

186 1123 327 1170 inum
374 1117 638 1170 ‘tumulus'
692 1123 922 1170 sollemni
969 1123 1060 1170 illa
1105 1123 1396 1171 litterarum
1442 1118 1514 1171 ‘u'
1562 1127 1614 1173 et
1660 1118 1728 1173 ‘0'
1768 1139 1879 1172 con-

187 1197 384 1244 fusione
429 1196 482 1244 in
528 1191 790 1244 ‘tumulos'
842 1197 991 1259 abiit⁷
1045 1196 1352 1259 sequebatur
1404 1201 1463 1246 ut
1516 1197 1882 1246 nominatiuum
1971 1263 1974 1266 ἢ

185 1265 590 1332 ‘Dardaniusque
637 1265 802 1332 pater'
851 1270 904 1318 in
949 1271 1293 1318 accusatiuum
1337 1273 1607 1320 mutarent.
1691 1271 1882 1320 similli-

184 1360 264 1391 me
305 1344 489 1391 alicubi
527 1345 794 1405 corruptus
835 1347 913 1392 est
949 1344 1160 1406 Fronto,
1199 1348 1258 1392 ut
1297 1345 1441 1393 docui
1479 1345 1533 1392 in
1569 1345 1880 1394 Fleckeiseni

185 1418 432 1465 annaL‘a.
476 1419 615 1466 1872
656 1433 704 1479 p.
747 1419 869 1466 634.

335 1492 441 1539 593
483 1492 628 1539 doma
679 1491 877 1553 scripsi:
936 1493 1107 1540 domas
1144 1492 1204 1539 V.
1283 1487 1467 1541 ‘domo’
1512 1492 1751 1541 Heinsius
1797 1507 1883 1541 uo-

190 1565 304 1626 luit3
362 1564 450 1612 sed
489 1565 650 1612 datiui
696 1559 881 1613 ‘domo'
929 1580 1029 1613 non
1073 1566 1244 1613 inueni
1284 1565 1418 1628 apud
1461 1568 1638 1628 poetas
1692 1566 1878 1615 latinos

184 1639 486 1700 exemplum:
532 1653 650 1686 nam
700 1639 856 1686 etiam
894 1639 1027 1700 apud
1066 1632 1335 1687 Horatium
1376 1637 1546 1702 [epist.
1583 1639 1610 1687 1
1652 1641 1742 1702 10,
1785 1638 1876 1700 13]

185 1712 554 1760 restituendum
594 1707 798 1760 ‘domu'.

334 1787 440 1834 620
483 1786 680 1834 Taurus
716 1786 1007 1834 Withofius:
1046 1787 1209 1835 lamus
1248 1785 1306 1834 V.

341 1861 445 1907 626
483 1861 755 1920 qestamma
818 1860 1020 1922 scripsi:
1082 1860 1331 1909 uelamina
1390 1860 1451 1908 V.
1514 1886 1584 1894 —
1647 1859 1880 1909 dicuntur

191 1935 388 1980 statuae
426 1934 616 1994 templo
655 1933 921 1994 impositae
960 1934 1161 1995 lateque
1201 1934 1510 1996 conspicuae.

339 2007 441 2054 641
485 2008 651 2055 abdita
691 2007 889 2068 scripsi:
930 2008 1091 2055 ardua
1128 2007 1188 2053 V.

338 2080 443 2127 642
482 2094 568 2127 nee
606 2080 711 2127 loca
746 2079 1087 2128 Burmannus:
1128 2080 1362 2141 lonqaque
1398 2081 1458 2129 V.
1500 2106 1568 2114 —-
1608 2096 1700 2143 pro
1741 2075 1879 2128 ‘iam'

185 2167 284 2200 non
321 2153 452 2200 male
491 2153 728 2201 Heinsius
769 2147 913 2200 ‘tam'
954 2154 1168 2215 scripsit.

336 2227 438 2274 659
483 2242 610 2274 awra
649 2227 849 2288 scripsi:
890 2230 970 2275 ira
1007 2227 1066 2275 V.

243 2446 320 2493 III
364 2448 393 2494 9
434 2449 691 2506 oneratque
725 2448 946 2506 superbis
982 2446 1189 2494 Aldina:
1230 2462 1325 2494 om.
1364 2446 1424 2494 V.

338 2522 401 2566 11
445 2521 641 2568 dederat
666 2521 799 2580 picto
838 2523 881 2567 et
918 2520 1086 2568 Thilo:
1127 2521 1275 2568 dabat
1311 2523 1355 2568 et
1379 2522 1514 2582 picto
1551 2519 1611 2567 V.

342 2594 406 2641 13
438 2593 674 2654 phaleras
713 2593 973 2642 Heinsius:
1003 2597 1210 2654 pateras
1246 2593 1305 2642 V.

337 2668 405 2714 25
448 2671 560 2715 teme
599 2666 804 2714 Aldina:
843 2682 974 2715 nunc
1010 2666 1070 2715 V.

333 2741 403 2788 ‘33
435 2743 609 2802 prima
648 2741 847 2802 scripsi:
877 2755 1043 2800 prona
1081 2739 1141 2788 V.
1184 2741 1271 2789 sed
1318 2735 1496 2802 ‘prona
1535 2735 1720 2788 sidera'
1761 2743 1877 2789 sunt

187 2812 436 2874 cadentia3
486 2829 666 2875 parum
712 2817 882 2862 autem
933 2814 1168 2862 credibile
1227 2817 1305 2862 est
1360 2815 1451 2862 sub
1492 2829 1678 2862 nouam
1715 2814 1877 2862 lucem

187 2885 601 2948 Argonautarum
636 2888 858 2935 reditum
893 2903 1214 2950 pugnamque
1252 2888 1417 2936 locum
1454 2887 1706 2936 habuisse.
