<?xml version="1.0" encoding="UTF-8"?>
<!DOCTYPE html PUBLIC "-//W3C//DTD XHTML 1.0 Transitional//EN"
    "http://www.w3.org/TR/xhtml1/DTD/xhtml1-transitional.dtd">
<html xmlns="http://www.w3.org/1999/xhtml" xml:lang="en" lang="en">
 <head>
  <title>
</title>
<meta http-equiv="Content-Type" content="text/html;charset=utf-8" />
  <meta name='ocr-system' content='tesseract 3.04.00' />
  <meta name='ocr-capabilities' content='ocr_page ocr_carea ocr_par ocr_line ocrx_word'/>
</head>
<body>
  <div class='ocr_page' id='page_1' title='image "argonauticteub00valeuoft_0159.png"; bbox 0 0 2020 3120; ppageno 0'>
   <div class='ocr_carea' id='block_1_1' title="bbox 548 97 1792 158">
    <p class='ocr_par' dir='ltr' id='par_1_1' title="bbox 548 97 1792 158">
     <span class='ocr_line' id='line_1_1' title="bbox 548 97 1792 158; baseline 0.003 -12"><span class='ocrx_word' id='word_1_1' title='bbox 548 97 1037 148; x_wconf 79' lang='lat' dir='ltr'>ARGONAUTICON</span> <span class='ocrx_word' id='word_1_2' title='bbox 1067 102 1249 148; x_wconf 79' lang='lat' dir='ltr'>LIBER</span> <span class='ocrx_word' id='word_1_3' title='bbox 1278 103 1334 148; x_wconf 90' lang='lat' dir='ltr'><strong>V.</strong></span> <span class='ocrx_word' id='word_1_4' title='bbox 1718 105 1792 158; x_wconf 82' lang='grc'><strong>95</strong></span> 
     </span>
    </p>
   </div>
   <div class='ocr_carea' id='block_1_2' title="bbox 37 224 1790 2961">
    <p class='ocr_par' dir='ltr' id='par_1_2' title="bbox 90 224 1790 442">
     <span class='ocr_line' id='line_1_2' title="bbox 94 224 1790 292; baseline 0.004 -19"><span class='ocrx_word' id='word_1_5' title='bbox 94 224 278 275; x_wconf 80' lang='lat' dir='ltr'>adnuet</span> <span class='ocrx_word' id='word_1_6' title='bbox 315 227 444 292; x_wconf 91' lang='lat' dir='ltr'><strong>ipse,</strong></span> <span class='ocrx_word' id='word_1_7' title='bbox 482 241 619 292; x_wconf 83' lang='lat' dir='ltr'><strong>reor3</strong></span> <span class='ocrx_word' id='word_1_8' title='bbox 658 241 821 291; x_wconf 91' lang='lat' dir='ltr'><strong>neque</strong></span> <span class='ocrx_word' id='word_1_9' title='bbox 861 227 1163 277; x_wconf 81' lang='lat' dir='ltr'>inexorabile</span> <span class='ocrx_word' id='word_1_10' title='bbox 1204 234 1339 277; x_wconf 88' lang='lat' dir='ltr'><strong>certe</strong></span> <span class='ocrx_word' id='word_1_11' title='bbox 1700 239 1790 280; x_wconf 82' lang='lat'><strong>320</strong></span> 
     </span>
     <span class='ocr_line' id='line_1_3' title="bbox 94 298 1539 366; baseline 0.003 -19"><span class='ocrx_word' id='word_1_12' title='bbox 94 298 226 362; x_wconf 91' lang='lat' dir='ltr'><strong>quod</strong></span> <span class='ocrx_word' id='word_1_13' title='bbox 262 301 501 364; x_wconf 89' lang='lat' dir='ltr'><strong>petimus:</strong></span> <span class='ocrx_word' id='word_1_14' title='bbox 541 301 619 349; x_wconf 93' lang='lat' dir='ltr'><strong>sin</strong></span> <span class='ocrx_word' id='word_1_15' title='bbox 657 315 780 349; x_wconf 85' lang='lat' dir='ltr'><strong>uero</strong></span> <span class='ocrx_word' id='word_1_16' title='bbox 818 315 995 365; x_wconf 85' lang='lat' dir='ltr'><strong>preces</strong></span> <span class='ocrx_word' id='word_1_17' title='bbox 1035 307 1084 351; x_wconf 91' lang='lat' dir='ltr'><strong>et</strong></span> <span class='ocrx_word' id='word_1_18' title='bbox 1123 300 1254 350; x_wconf 90' lang='lat' dir='ltr'><strong>dicta</strong></span> <span class='ocrx_word' id='word_1_19' title='bbox 1292 301 1539 366; x_wconf 90' lang='lat' dir='ltr'><strong>superbus</strong></span> 
     </span>
     <span class='ocr_line' id='line_1_4' title="bbox 90 374 1414 442; baseline 0.002 -21"><span class='ocrx_word' id='word_1_20' title='bbox 90 374 362 440; x_wconf 90' lang='lat' dir='ltr'><strong>respuerit,</strong></span> <span class='ocrx_word' id='word_1_21' title='bbox 400 375 499 423; x_wconf 89' lang='lat' dir='ltr'><strong>iam</strong></span> <span class='ocrx_word' id='word_1_22' title='bbox 536 389 670 423; x_wconf 90' lang='lat' dir='ltr'><strong>nunc</strong></span> <span class='ocrx_word' id='word_1_23' title='bbox 710 375 899 424; x_wconf 88' lang='lat' dir='ltr'><strong>animos</strong></span> <span class='ocrx_word' id='word_1_24' title='bbox 938 375 1128 424; x_wconf 86' lang='lat' dir='ltr'><strong>firmate</strong></span> <span class='ocrx_word' id='word_1_25' title='bbox 1169 374 1414 442; x_wconf 81' lang='lat' dir='ltr'><strong>repulsae,</strong></span> 
     </span>
    </p>

    <p class='ocr_par' dir='ltr' id='par_1_3' title="bbox 91 433 1366 516">
     <span class='ocr_line' id='line_1_5' title="bbox 91 433 1366 516; baseline 0.004 -22"><span class='ocrx_word' id='word_1_26' title='bbox 91 461 287 511; x_wconf 91' lang='lat' dir='ltr'><strong>quaque</strong></span> <span class='ocrx_word' id='word_1_27' title='bbox 313 433 406 496; x_wconf 68' lang='lat' dir='ltr'><strong>‘uia</strong></span> <span class='ocrx_word' id='word_1_28' title='bbox 444 450 621 512; x_wconf 91' lang='lat' dir='ltr'><strong>patriis</strong></span> <span class='ocrx_word' id='word_1_29' title='bbox 659 448 935 498; x_wconf 85' lang='lat' dir='ltr'><strong>referamus</strong></span> <span class='ocrx_word' id='word_1_30' title='bbox 974 448 1162 498; x_wconf 89' lang='lat' dir='ltr'><strong>uellera</strong></span> <span class='ocrx_word' id='word_1_31' title='bbox 1202 451 1366 516; x_wconf 79' lang='lat' dir='ltr'><strong>terriS,</strong></span> 
     </span>
    </p>

    <p class='ocr_par' dir='ltr' id='par_1_4' title="bbox 90 510 1487 588">
     <span class='ocr_line' id='line_1_6' title="bbox 90 510 1487 588; baseline 0.004 -20"><span class='ocrx_word' id='word_1_32' title='bbox 90 525 186 569; x_wconf 88' lang='lat' dir='ltr'><strong>stet</strong></span> <span class='ocrx_word' id='word_1_33' title='bbox 223 510 412 585; x_wconf 68' lang='lat' dir='ltr'><strong>potius:</strong></span> <span class='ocrx_word' id='word_1_34' title='bbox 451 521 603 572; x_wconf 90' lang='lat' dir='ltr'><strong>rebus</strong></span> <span class='ocrx_word' id='word_1_35' title='bbox 644 537 842 587; x_wconf 78' lang='lat' dir='ltr'><strong>semper</strong></span> <span class='ocrx_word' id='word_1_36' title='bbox 878 538 1035 588; x_wconf 91' lang='lat' dir='ltr'><strong>pauor</strong></span> <span class='ocrx_word' id='word_1_37' title='bbox 1075 522 1202 573; x_wconf 88' lang='lat' dir='ltr'><strong>absit</strong></span> <span class='ocrx_word' id='word_1_38' title='bbox 1240 525 1292 572; x_wconf 92' lang='lat' dir='ltr'><strong>in</strong></span> <span class='ocrx_word' id='word_1_39' title='bbox 1332 519 1487 573; x_wconf 62' lang='lat' dir='ltr'><strong>artis?</strong></span> 
     </span>
    </p>

    <p class='ocr_par' dir='ltr' id='par_1_5' title="bbox 87 580 1786 736">
     <span class='ocr_line' id='line_1_7' title="bbox 89 580 1786 662; baseline 0.005 -20"><span class='ocrx_word' id='word_1_40' title='bbox 89 592 299 662; x_wconf 83' lang='lat' dir='ltr'><strong>dixerat,</strong></span> <span class='ocrx_word' id='word_1_41' title='bbox 340 602 390 645; x_wconf 89' lang='lat' dir='ltr'><strong>et</strong></span> <span class='ocrx_word' id='word_1_42' title='bbox 430 595 710 661; x_wconf 83' lang='lat' dir='ltr'>Scythicam</span> <span class='ocrx_word' id='word_1_43' title='bbox 749 598 835 661; x_wconf 91' lang='lat' dir='ltr'><strong>qui</strong></span> <span class='ocrx_word' id='word_1_44' title='bbox 875 612 927 645; x_wconf 91' lang='lat' dir='ltr'><strong>se</strong></span> <span class='ocrx_word' id='word_1_45' title='bbox 969 580 1268 647; x_wconf 65' lang='lat' dir='ltr'><strong>comitentur</strong></span> <span class='ocrx_word' id='word_1_46' title='bbox 1308 597 1367 646; x_wconf 90' lang='lat' dir='ltr'><strong>ad</strong></span> <span class='ocrx_word' id='word_1_47' title='bbox 1407 597 1584 648; x_wconf 87' lang='lat' dir='ltr'><strong>urbem</strong></span> <span class='ocrx_word' id='word_1_48' title='bbox 1699 610 1786 651; x_wconf 81' lang='grc'><strong>325</strong></span> 
     </span>
     <span class='ocr_line' id='line_1_8' title="bbox 87 668 1545 736; baseline 0.003 -19"><span class='ocrx_word' id='word_1_49' title='bbox 87 674 222 717; x_wconf 85' lang='lat' dir='ltr'><strong>sorte</strong></span> <span class='ocrx_word' id='word_1_50' title='bbox 262 668 402 736; x_wconf 89' lang='lat' dir='ltr'><strong>legit,</strong></span> <span class='ocrx_word' id='word_1_51' title='bbox 441 685 751 734; x_wconf 86' lang='lat' dir='ltr'><strong>numeroque</strong></span> <span class='ocrx_word' id='word_1_52' title='bbox 790 685 974 719; x_wconf 93' lang='lat' dir='ltr'><strong>nouem</strong></span> <span class='ocrx_word' id='word_1_53' title='bbox 1013 670 1266 721; x_wconf 87' lang='lat' dir='ltr'><strong>ducuntur</strong></span> <span class='ocrx_word' id='word_1_54' title='bbox 1305 672 1365 721; x_wconf 89' lang='lat' dir='ltr'><strong>ab</strong></span> <span class='ocrx_word' id='word_1_55' title='bbox 1399 675 1545 722; x_wconf 89' lang='lat' dir='ltr'><strong>omni.</strong></span> 
     </span>
    </p>

    <p class='ocr_par' dir='ltr' id='par_1_6' title="bbox 85 740 1381 810">
     <span class='ocr_line' id='line_1_9' title="bbox 85 740 1381 810; baseline 0.003 -20"><span class='ocrx_word' id='word_1_56' title='bbox 85 740 200 790; x_wconf 90' lang='lat' dir='ltr'><strong>inde</strong></span> <span class='ocrx_word' id='word_1_57' title='bbox 240 744 374 792; x_wconf 92' lang='lat' dir='ltr'><strong>uiam</strong></span> <span class='ocrx_word' id='word_1_58' title='bbox 414 759 510 809; x_wconf 90' lang='lat' dir='ltr'><strong>qua</strong></span> <span class='ocrx_word' id='word_1_59' title='bbox 550 742 740 793; x_wconf 82' lang='lat' dir='ltr'><strong>Circaei</strong></span> <span class='ocrx_word' id='word_1_60' title='bbox 778 742 920 808; x_wconf 85' lang='lat' dir='ltr'><strong>plaga</strong></span> <span class='ocrx_word' id='word_1_61' title='bbox 957 746 1182 809; x_wconf 89' lang='lat' dir='ltr'><strong>proxima</strong></span> <span class='ocrx_word' id='word_1_62' title='bbox 1221 748 1381 810; x_wconf 91' lang='lat' dir='ltr'><strong>campi</strong></span> 
     </span>
    </p>

    <p class='ocr_par' dir='ltr' id='par_1_7' title="bbox 86 817 1432 882">
     <span class='ocr_line' id='line_1_10' title="bbox 86 817 1432 882; baseline 0.003 -17"><span class='ocrx_word' id='word_1_63' title='bbox 86 817 364 881; x_wconf 90' lang='lat' dir='ltr'><strong>corripiunt</strong></span> <span class='ocrx_word' id='word_1_64' title='bbox 401 831 670 882; x_wconf 85' lang='lat' dir='ltr'><strong>regemque</strong></span> <span class='ocrx_word' id='word_1_65' title='bbox 709 823 888 882; x_wconf 89' lang='lat' dir='ltr'><strong>petunt</strong></span> <span class='ocrx_word' id='word_1_66' title='bbox 925 819 1023 867; x_wconf 92' lang='lat' dir='ltr'><strong>iam</strong></span> <span class='ocrx_word' id='word_1_67' title='bbox 1061 818 1172 868; x_wconf 93' lang='lat' dir='ltr'><strong>luce</strong></span> <span class='ocrx_word' id='word_1_68' title='bbox 1212 819 1432 871; x_wconf 88' lang='lat' dir='ltr'><strong>reducta.</strong></span> 
     </span>
    </p>

    <p class='ocr_par' dir='ltr' id='par_1_8' title="bbox 37 889 1785 2649">
     <span class='ocr_line' id='line_1_11' title="bbox 161 889 1558 963; baseline 0.004 -24"><span class='ocrx_word' id='word_1_69' title='bbox 161 889 305 940; x_wconf 90' lang='lat' dir='ltr'><strong>Sorte</strong></span> <span class='ocrx_word' id='word_1_70' title='bbox 345 890 494 941; x_wconf 87' lang='lat' dir='ltr'><strong>deum</strong></span> <span class='ocrx_word' id='word_1_71' title='bbox 532 892 686 940; x_wconf 92' lang='lat' dir='ltr'><strong>uariis</strong></span> <span class='ocrx_word' id='word_1_72' title='bbox 726 906 816 956; x_wconf 91' lang='lat' dir='ltr'><strong>per</strong></span> <span class='ocrx_word' id='word_1_73' title='bbox 855 899 1055 942; x_wconf 91' lang='lat' dir='ltr'><strong>noctem</strong></span> <span class='ocrx_word' id='word_1_74' title='bbox 1091 894 1267 943; x_wconf 90' lang='lat' dir='ltr'><strong>territa</strong></span> <span class='ocrx_word' id='word_1_75' title='bbox 1306 896 1558 963; x_wconf 84' lang='lat' dir='ltr'><strong>monstriS,</strong></span> 
     </span>
     <span class='ocr_line' id='line_1_12' title="bbox 85 965 1785 1036; baseline 0.005 -24"><span class='ocrx_word' id='word_1_76' title='bbox 85 972 308 1014; x_wconf 86' lang='lat' dir='ltr'><strong>senserat</strong></span> <span class='ocrx_word' id='word_1_77' title='bbox 345 972 401 1014; x_wconf 86' lang='lat' dir='ltr'><strong>ut</strong></span> <span class='ocrx_word' id='word_1_78' title='bbox 438 965 608 1030; x_wconf 89' lang='lat' dir='ltr'><strong>pulsas</strong></span> <span class='ocrx_word' id='word_1_79' title='bbox 646 965 847 1015; x_wconf 87' lang='lat' dir='ltr'><strong>tandem</strong></span> <span class='ocrx_word' id='word_1_80' title='bbox 877 966 1048 1016; x_wconf 90' lang='lat' dir='ltr'><strong>Medea</strong></span> <span class='ocrx_word' id='word_1_81' title='bbox 1087 967 1335 1036; x_wconf 82' lang='lat' dir='ltr'><strong>tenebras,</strong></span> <span class='ocrx_word' id='word_1_82' title='bbox 1695 981 1785 1021; x_wconf 84' lang='lat'><strong>330</strong></span> 
     </span>
     <span class='ocr_line' id='line_1_13' title="bbox 82 1038 1357 1106; baseline 0.004 -20"><span class='ocrx_word' id='word_1_83' title='bbox 82 1044 221 1103; x_wconf 87' lang='lat' dir='ltr'><strong>rapta</strong></span> <span class='ocrx_word' id='word_1_84' title='bbox 260 1040 385 1088; x_wconf 87' lang='lat' dir='ltr'><strong>toris</strong></span> <span class='ocrx_word' id='word_1_85' title='bbox 423 1041 573 1104; x_wconf 88' lang='lat' dir='ltr'><strong>primi</strong></span> <span class='ocrx_word' id='word_1_86' title='bbox 611 1038 755 1089; x_wconf 89' lang='lat' dir='ltr'><strong>iubar</strong></span> <span class='ocrx_word' id='word_1_87' title='bbox 794 1039 854 1089; x_wconf 90' lang='lat' dir='ltr'><strong>ad</strong></span> <span class='ocrx_word' id='word_1_88' title='bbox 892 1040 1129 1106; x_wconf 84' lang='lat' dir='ltr'><strong>placabile</strong></span> <span class='ocrx_word' id='word_1_89' title='bbox 1168 1041 1357 1091; x_wconf 90' lang='lat' dir='ltr'><strong>Phoebi</strong></span> 
     </span>
     <span class='ocr_line' id='line_1_14' title="bbox 81 1110 1348 1166; baseline 0.004 -6"><span class='ocrx_word' id='word_1_90' title='bbox 81 1110 184 1161; x_wconf 91' lang='lat' dir='ltr'><strong>ibat</strong></span> <span class='ocrx_word' id='word_1_91' title='bbox 222 1118 273 1162; x_wconf 91' lang='lat' dir='ltr'><strong>et</strong></span> <span class='ocrx_word' id='word_1_92' title='bbox 309 1112 584 1163; x_wconf 88' lang='lat' dir='ltr'><strong>horrendas</strong></span> <span class='ocrx_word' id='word_1_93' title='bbox 623 1113 883 1164; x_wconf 87' lang='lat' dir='ltr'><strong>lustrantia</strong></span> <span class='ocrx_word' id='word_1_94' title='bbox 920 1115 1123 1164; x_wconf 89' lang='lat' dir='ltr'><strong>flumina</strong></span> <span class='ocrx_word' id='word_1_95' title='bbox 1162 1123 1348 1166; x_wconf 72' lang='lat' dir='ltr'><strong>noctes</strong></span> 
     </span>
     <span class='ocr_line' id='line_1_15' title="bbox 82 1188 1310 1252; baseline 0.004 -18"><span class='ocrx_word' id='word_1_96' title='bbox 82 1200 296 1250; x_wconf 88' lang='lat' dir='ltr'><strong>namque</strong></span> <span class='ocrx_word' id='word_1_97' title='bbox 337 1194 594 1252; x_wconf 89' lang='lat' dir='ltr'><strong>soporatos</strong></span> <span class='ocrx_word' id='word_1_98' title='bbox 634 1189 798 1237; x_wconf 87' lang='lat' dir='ltr'><strong>tacitis</strong></span> <span class='ocrx_word' id='word_1_99' title='bbox 836 1189 888 1236; x_wconf 92' lang='lat' dir='ltr'><strong>in</strong></span> <span class='ocrx_word' id='word_1_100' title='bbox 929 1188 1131 1238; x_wconf 88' lang='lat' dir='ltr'><strong>sedibus</strong></span> <span class='ocrx_word' id='word_1_101' title='bbox 1172 1196 1310 1239; x_wconf 91' lang='lat' dir='ltr'><strong>artus</strong></span> 
     </span>
     <span class='ocr_line' id='line_1_16' title="bbox 81 1258 1569 1332; baseline 0.004 -24"><span class='ocrx_word' id='word_1_102' title='bbox 81 1258 199 1308; x_wconf 92' lang='lat' dir='ltr'><strong>dum</strong></span> <span class='ocrx_word' id='word_1_103' title='bbox 237 1262 419 1325; x_wconf 88' lang='lat' dir='ltr'><strong>premit</strong></span> <span class='ocrx_word' id='word_1_104' title='bbox 459 1261 553 1310; x_wconf 89' lang='lat' dir='ltr'><strong>alta</strong></span> <span class='ocrx_word' id='word_1_105' title='bbox 593 1262 735 1327; x_wconf 87' lang='lat' dir='ltr'><strong>quies</strong></span> <span class='ocrx_word' id='word_1_106' title='bbox 774 1260 1037 1327; x_wconf 90' lang='lat' dir='ltr'><strong>nullaeque</strong></span> <span class='ocrx_word' id='word_1_107' title='bbox 1076 1265 1129 1312; x_wconf 93' lang='lat' dir='ltr'><strong>in</strong></span> <span class='ocrx_word' id='word_1_108' title='bbox 1168 1265 1363 1329; x_wconf 91' lang='lat' dir='ltr'><strong>uirgine</strong></span> <span class='ocrx_word' id='word_1_109' title='bbox 1405 1280 1569 1332; x_wconf 91' lang='lat' dir='ltr'><strong>curae,</strong></span> 
     </span>
     <span class='ocr_line' id='line_1_17' title="bbox 79 1334 1779 1405; baseline 0.004 -23"><span class='ocrx_word' id='word_1_110' title='bbox 79 1335 187 1382; x_wconf 90' lang='lat' dir='ltr'><strong>uisa</strong></span> <span class='ocrx_word' id='word_1_111' title='bbox 225 1349 414 1404; x_wconf 61' lang='lat' dir='ltr'><strong>pauens</strong></span> <span class='ocrx_word' id='word_1_112' title='bbox 455 1337 605 1385; x_wconf 91' lang='lat' dir='ltr'><strong>castis</strong></span> <span class='ocrx_word' id='word_1_113' title='bbox 642 1334 854 1386; x_wconf 86' lang='lat' dir='ltr'><strong>Hecates</strong></span> <span class='ocrx_word' id='word_1_114' title='bbox 894 1336 1135 1387; x_wconf 85' lang='lat' dir='ltr'><strong>excedere</strong></span> <span class='ocrx_word' id='word_1_115' title='bbox 1175 1338 1323 1405; x_wconf 81' lang='lat' dir='ltr'><strong>lucis3</strong></span> <span class='ocrx_word' id='word_1_116' title='bbox 1693 1350 1779 1392; x_wconf 85' lang='lat'><strong>335</strong></span> 
     </span>
     <span class='ocr_line' id='line_1_18' title="bbox 80 1406 1489 1478; baseline 0.004 -22"><span class='ocrx_word' id='word_1_117' title='bbox 80 1406 301 1472; x_wconf 70' lang='lat' dir='ltr'><strong>dumque,</strong></span> <span class='ocrx_word' id='word_1_118' title='bbox 337 1410 406 1474; x_wconf 91' lang='lat' dir='ltr'><strong>pii</strong></span> <span class='ocrx_word' id='word_1_119' title='bbox 445 1411 569 1475; x_wconf 90' lang='lat' dir='ltr'><strong>petit</strong></span> <span class='ocrx_word' id='word_1_120' title='bbox 609 1424 695 1458; x_wconf 90' lang='lat' dir='ltr'><strong>ora</strong></span> <span class='ocrx_word' id='word_1_121' title='bbox 734 1412 911 1478; x_wconf 82' lang='lat' dir='ltr'><strong>patriS,</strong></span> <span class='ocrx_word' id='word_1_122' title='bbox 952 1413 1091 1461; x_wconf 87' lang='lat' dir='ltr'><strong>stetit</strong></span> <span class='ocrx_word' id='word_1_123' title='bbox 1130 1411 1316 1462; x_wconf 85' lang='lat' dir='ltr'><strong>arduus</strong></span> <span class='ocrx_word' id='word_1_124' title='bbox 1356 1414 1489 1462; x_wconf 91' lang='lat' dir='ltr'><strong>inter</strong></span> 
     </span>
     <span class='ocr_line' id='line_1_19' title="bbox 77 1484 1421 1554; baseline 0.004 -24"><span class='ocrx_word' id='word_1_125' title='bbox 77 1488 262 1546; x_wconf 89' lang='lat' dir='ltr'><strong>pontus</strong></span> <span class='ocrx_word' id='word_1_126' title='bbox 302 1489 352 1532; x_wconf 91' lang='lat' dir='ltr'><strong>et</strong></span> <span class='ocrx_word' id='word_1_127' title='bbox 390 1484 581 1548; x_wconf 87' lang='lat' dir='ltr'><strong>ingenti</strong></span> <span class='ocrx_word' id='word_1_128' title='bbox 621 1485 811 1534; x_wconf 90' lang='lat' dir='ltr'><strong>circum</strong></span> <span class='ocrx_word' id='word_1_129' title='bbox 851 1486 1126 1551; x_wconf 88' lang='lat' dir='ltr'><strong>stupefacta</strong></span> <span class='ocrx_word' id='word_1_130' title='bbox 1156 1486 1421 1554; x_wconf 85' lang='lat' dir='ltr'><strong>profundo,</strong></span> 
     </span>
     <span class='ocr_line' id='line_1_20' title="bbox 78 1555 1495 1627; baseline 0.005 -23"><span class='ocrx_word' id='word_1_131' title='bbox 78 1555 230 1605; x_wconf 88' lang='lat' dir='ltr'><strong>fratre</strong></span> <span class='ocrx_word' id='word_1_132' title='bbox 271 1563 438 1606; x_wconf 91' lang='lat' dir='ltr'><strong>tamen</strong></span> <span class='ocrx_word' id='word_1_133' title='bbox 478 1564 686 1607; x_wconf 87' lang='lat' dir='ltr'><strong>conante</strong></span> <span class='ocrx_word' id='word_1_134' title='bbox 728 1559 890 1623; x_wconf 88' lang='lat' dir='ltr'><strong>sequi:</strong></span> <span class='ocrx_word' id='word_1_135' title='bbox 930 1575 1044 1609; x_wconf 91' lang='lat' dir='ltr'><strong>mox</strong></span> <span class='ocrx_word' id='word_1_136' title='bbox 1084 1566 1215 1610; x_wconf 85' lang='lat' dir='ltr'><strong>stare</strong></span> <span class='ocrx_word' id='word_1_137' title='bbox 1255 1568 1495 1627; x_wconf 88' lang='lat' dir='ltr'><strong>pauentes</strong></span> 
     </span>
     <span class='ocr_line' id='line_1_21' title="bbox 37 1629 1507 1703; baseline 0.005 -25"><span class='ocrx_word' id='word_1_138' title='bbox 37 1643 39 1647; x_wconf 90' lang='lat'>·</span> <span class='ocrx_word' id='word_1_139' title='bbox 78 1629 273 1679; x_wconf 89' lang='lat' dir='ltr'><strong>uiderat</strong></span> <span class='ocrx_word' id='word_1_140' title='bbox 310 1632 500 1681; x_wconf 87' lang='lat' dir='ltr'><strong>intenta</strong></span> <span class='ocrx_word' id='word_1_141' title='bbox 538 1647 722 1697; x_wconf 90' lang='lat' dir='ltr'><strong>pueros</strong></span> <span class='ocrx_word' id='word_1_142' title='bbox 761 1648 883 1682; x_wconf 91' lang='lat' dir='ltr'><strong>nece</strong></span> <span class='ocrx_word' id='word_1_143' title='bbox 925 1649 1077 1699; x_wconf 89' lang='lat' dir='ltr'><strong>seque</strong></span> <span class='ocrx_word' id='word_1_144' title='bbox 1120 1630 1507 1703; x_wconf 79' lang='lat' dir='ltr'><strong>(tremenduml)</strong></span> 
     </span>
     <span class='ocr_line' id='line_1_22' title="bbox 78 1705 1779 1774; baseline 0.005 -22"><span class='ocrx_word' id='word_1_145' title='bbox 78 1719 311 1769; x_wconf 88' lang='lat' dir='ltr'><strong>spargere</strong></span> <span class='ocrx_word' id='word_1_146' title='bbox 352 1705 500 1754; x_wconf 91' lang='lat' dir='ltr'><strong>caede</strong></span> <span class='ocrx_word' id='word_1_147' title='bbox 540 1721 717 1756; x_wconf 89' lang='lat' dir='ltr'><strong>manus</strong></span> <span class='ocrx_word' id='word_1_148' title='bbox 757 1714 806 1756; x_wconf 90' lang='lat' dir='ltr'><strong>et</strong></span> <span class='ocrx_word' id='word_1_149' title='bbox 843 1707 1030 1757; x_wconf 87' lang='lat' dir='ltr'><strong>lumina</strong></span> <span class='ocrx_word' id='word_1_150' title='bbox 1069 1725 1304 1774; x_wconf 87' lang='lat' dir='ltr'><strong>rumpere</strong></span> <span class='ocrx_word' id='word_1_151' title='bbox 1343 1709 1477 1760; x_wconf 76' lang='lat' dir='ltr'><strong>fletU.</strong></span> <span class='ocrx_word' id='word_1_152' title='bbox 1690 1722 1779 1762; x_wconf 83' lang='lat'><strong>340</strong></span> 
     </span>
     <span class='ocr_line' id='line_1_23' title="bbox 76 1776 1531 1848; baseline 0.005 -22"><span class='ocrx_word' id='word_1_153' title='bbox 76 1776 154 1826; x_wconf 91' lang='lat' dir='ltr'><strong>his</strong></span> <span class='ocrx_word' id='word_1_154' title='bbox 194 1777 391 1828; x_wconf 88' lang='lat' dir='ltr'><strong>turbata</strong></span> <span class='ocrx_word' id='word_1_155' title='bbox 429 1781 576 1829; x_wconf 90' lang='lat' dir='ltr'><strong>minis</strong></span> <span class='ocrx_word' id='word_1_156' title='bbox 614 1780 795 1830; x_wconf 87' lang='lat' dir='ltr'><strong>fluuios</strong></span> <span class='ocrx_word' id='word_1_157' title='bbox 834 1784 1091 1847; x_wconf 89' lang='lat' dir='ltr'><strong>ripamque</strong></span> <span class='ocrx_word' id='word_1_158' title='bbox 1131 1783 1331 1848; x_wconf 87' lang='lat' dir='ltr'><strong>petebat</strong></span> <span class='ocrx_word' id='word_1_159' title='bbox 1527 1840 1531 1846; x_wconf 46' lang='grc'>,</span> 
     </span>
     <span class='ocr_line' id='line_1_24' title="bbox 76 1851 1418 1920; baseline 0.006 -20"><span class='ocrx_word' id='word_1_160' title='bbox 76 1851 302 1901; x_wconf 90' lang='lat' dir='ltr'><strong>Phasidis</strong></span> <span class='ocrx_word' id='word_1_161' title='bbox 341 1853 532 1918; x_wconf 90' lang='lat' dir='ltr'><strong>aequali</strong></span> <span class='ocrx_word' id='word_1_162' title='bbox 566 1853 857 1920; x_wconf 76' lang='lat' dir='ltr'><strong>Scythidum</strong></span> <span class='ocrx_word' id='word_1_163' title='bbox 896 1858 1162 1907; x_wconf 91' lang='lat' dir='ltr'><strong>comitante</strong></span> <span class='ocrx_word' id='word_1_164' title='bbox 1204 1865 1418 1908; x_wconf 90' lang='lat' dir='ltr'><strong>caterua.</strong></span> 
     </span>
     <span class='ocr_line' id='line_1_25' title="bbox 75 1924 1328 1997; baseline 0.006 -23"><span class='ocrx_word' id='word_1_165' title='bbox 75 1924 228 1975; x_wconf 90' lang='lat' dir='ltr'><strong>florea</strong></span> <span class='ocrx_word' id='word_1_166' title='bbox 265 1942 357 1991; x_wconf 92' lang='lat' dir='ltr'><strong>per</strong></span> <span class='ocrx_word' id='word_1_167' title='bbox 396 1930 541 1977; x_wconf 91' lang='lat' dir='ltr'><strong>uerni</strong></span> <span class='ocrx_word' id='word_1_168' title='bbox 581 1929 738 1993; x_wconf 90' lang='lat' dir='ltr'><strong>qualis</strong></span> <span class='ocrx_word' id='word_1_169' title='bbox 777 1931 892 1995; x_wconf 89' lang='lat' dir='ltr'><strong>iuga</strong></span> <span class='ocrx_word' id='word_1_170' title='bbox 931 1930 1071 1981; x_wconf 88' lang='lat' dir='ltr'><strong>duxit</strong></span> <span class='ocrx_word' id='word_1_171' title='bbox 1110 1930 1328 1997; x_wconf 84' lang='lat' dir='ltr'><strong>Hymetti</strong></span> 
     </span>
     <span class='ocr_line' id='line_1_26' title="bbox 76 1999 1581 2070; baseline 0.006 -22"><span class='ocrx_word' id='word_1_172' title='bbox 76 2007 161 2049; x_wconf 91' lang='lat' dir='ltr'><strong>aut</strong></span> <span class='ocrx_word' id='word_1_173' title='bbox 201 1999 365 2050; x_wconf 94' lang='lat' dir='ltr'><strong>Sicula</strong></span> <span class='ocrx_word' id='word_1_174' title='bbox 404 2001 496 2051; x_wconf 91' lang='lat' dir='ltr'><strong>sub</strong></span> <span class='ocrx_word' id='word_1_175' title='bbox 536 2018 661 2068; x_wconf 88' lang='lat' dir='ltr'><strong>rupe</strong></span> <span class='ocrx_word' id='word_1_176' title='bbox 702 2003 881 2053; x_wconf 91' lang='lat' dir='ltr'><strong>choros</strong></span> <span class='ocrx_word' id='word_1_177' title='bbox 920 2004 1037 2054; x_wconf 92' lang='lat' dir='ltr'><strong>hinc</strong></span> <span class='ocrx_word' id='word_1_178' title='bbox 1077 2006 1331 2070; x_wconf 89' lang='lat' dir='ltr'><strong>gressibus</strong></span> <span class='ocrx_word' id='word_1_179' title='bbox 1371 2007 1581 2057; x_wconf 88' lang='lat' dir='ltr'><strong>haerens</strong></span> 
     </span>
     <span class='ocr_line' id='line_1_27' title="bbox 75 2072 1776 2147; baseline 0.006 -26"><span class='ocrx_word' id='word_1_180' title='bbox 75 2072 298 2123; x_wconf 89' lang='lat' dir='ltr'><strong>Pallados</strong></span> <span class='ocrx_word' id='word_1_181' title='bbox 336 2074 452 2124; x_wconf 91' lang='lat' dir='ltr'><strong>hinc</strong></span> <span class='ocrx_word' id='word_1_182' title='bbox 493 2091 634 2125; x_wconf 90' lang='lat' dir='ltr'><strong>carae</strong></span> <span class='ocrx_word' id='word_1_183' title='bbox 673 2076 974 2143; x_wconf 89' lang='lat' dir='ltr'><strong>Proserpina</strong></span> <span class='ocrx_word' id='word_1_184' title='bbox 1013 2081 1182 2129; x_wconf 89' lang='lat' dir='ltr'><strong>iuncta</strong></span> <span class='ocrx_word' id='word_1_185' title='bbox 1220 2080 1416 2147; x_wconf 83' lang='lat' dir='ltr'><strong>Dianae,</strong></span> <span class='ocrx_word' id='word_1_186' title='bbox 1689 2092 1776 2133; x_wconf 83' lang='lat'><strong>345</strong></span> 
     </span>
     <span class='ocr_line' id='line_1_28' title="bbox 77 2147 1418 2220; baseline 0.007 -25"><span class='ocrx_word' id='word_1_187' title='bbox 77 2147 220 2196; x_wconf 90' lang='lat' dir='ltr'><strong>altior</strong></span> <span class='ocrx_word' id='word_1_188' title='bbox 260 2163 315 2197; x_wconf 91' lang='lat' dir='ltr'><strong>ac</strong></span> <span class='ocrx_word' id='word_1_189' title='bbox 355 2148 488 2198; x_wconf 90' lang='lat' dir='ltr'><strong>nulla</strong></span> <span class='ocrx_word' id='word_1_190' title='bbox 528 2151 766 2199; x_wconf 93' lang='lat' dir='ltr'><strong>comitum</strong></span> <span class='ocrx_word' id='word_1_191' title='bbox 806 2159 1049 2220; x_wconf 87' lang='lat' dir='ltr'><strong>certante,</strong></span> <span class='ocrx_word' id='word_1_192' title='bbox 1089 2156 1229 2218; x_wconf 86' lang='lat' dir='ltr'><strong>prius</strong></span> <span class='ocrx_word' id='word_1_193' title='bbox 1270 2170 1418 2219; x_wconf 90' lang='lat' dir='ltr'><strong>quam</strong></span> 
     </span>
     <span class='ocr_line' id='line_1_29' title="bbox 73 2220 1350 2288; baseline 0.008 -20"><span class='ocrx_word' id='word_1_194' title='bbox 73 2220 248 2286; x_wconf 89' lang='lat' dir='ltr'><strong>palluit</strong></span> <span class='ocrx_word' id='word_1_195' title='bbox 288 2227 336 2271; x_wconf 90' lang='lat' dir='ltr'><strong>et</strong></span> <span class='ocrx_word' id='word_1_196' title='bbox 375 2224 485 2271; x_wconf 90' lang='lat' dir='ltr'><strong>uiso</strong></span> <span class='ocrx_word' id='word_1_197' title='bbox 524 2223 699 2288; x_wconf 87' lang='lat' dir='ltr'><strong>pulsus</strong></span> <span class='ocrx_word' id='word_1_198' title='bbox 739 2224 890 2275; x_wconf 89' lang='lat' dir='ltr'><strong>decor</strong></span> <span class='ocrx_word' id='word_1_199' title='bbox 929 2229 1089 2276; x_wconf 88' lang='lat' dir='ltr'><strong>omnis</strong></span> <span class='ocrx_word' id='word_1_200' title='bbox 1130 2228 1350 2279; x_wconf 87' lang='lat' dir='ltr'><strong>Auerno:</strong></span> 
     </span>
     <span class='ocr_line' id='line_1_30' title="bbox 73 2294 1672 2388; baseline 0.008 -46"><span class='ocrx_word' id='word_1_201' title='bbox 73 2294 184 2343; x_wconf 86' lang='lat' dir='ltr'><strong>talis</strong></span> <span class='ocrx_word' id='word_1_202' title='bbox 224 2302 273 2344; x_wconf 91' lang='lat' dir='ltr'><strong>et</strong></span> <span class='ocrx_word' id='word_1_203' title='bbox 311 2297 362 2344; x_wconf 92' lang='lat' dir='ltr'><strong>in</strong></span> <span class='ocrx_word' id='word_1_204' title='bbox 402 2298 541 2346; x_wconf 90' lang='lat' dir='ltr'><strong>uittis</strong></span> <span class='ocrx_word' id='word_1_205' title='bbox 581 2300 804 2362; x_wconf 89' lang='lat' dir='ltr'><strong>geminae</strong></span> <span class='ocrx_word' id='word_1_206' title='bbox 845 2315 959 2349; x_wconf 90' lang='lat' dir='ltr'><strong>cum</strong></span> <span class='ocrx_word' id='word_1_207' title='bbox 998 2300 1183 2351; x_wconf 90' lang='lat' dir='ltr'><strong>lumine</strong></span> <span class='ocrx_word' id='word_1_208' title='bbox 1223 2303 1393 2352; x_wconf 90' lang='lat' dir='ltr'><strong>taedae</strong></span> <span class='ocrx_word' id='word_1_209' title='bbox 1565 2327 1672 2388; x_wconf 35' lang='lat' dir='ltr'><strong>Q„</strong></span> 
     </span>
     <span class='ocr_line' id='line_1_31' title="bbox 75 2335 1702 2441; baseline 0.006 -23"><span class='ocrx_word' id='word_1_210' title='bbox 75 2367 270 2418; x_wconf 90' lang='lat' dir='ltr'><strong>Colchis</strong></span> <span class='ocrx_word' id='word_1_211' title='bbox 311 2378 417 2419; x_wconf 85' lang='lat' dir='ltr'><strong>erat</strong></span> <span class='ocrx_word' id='word_1_212' title='bbox 456 2371 677 2421; x_wconf 91' lang='lat' dir='ltr'><strong>nondum</strong></span> <span class='ocrx_word' id='word_1_213' title='bbox 715 2375 925 2423; x_wconf 89' lang='lat' dir='ltr'><strong>miseros</strong></span> <span class='ocrx_word' id='word_1_214' title='bbox 966 2390 1114 2425; x_wconf 87' lang='lat' dir='ltr'><strong>exosa</strong></span> <span class='ocrx_word' id='word_1_215' title='bbox 1152 2384 1398 2441; x_wconf 73' lang='lat' dir='ltr'><strong>parentes</strong></span> <span class='ocrx_word' id='word_1_216' title='bbox 1440 2335 1597 2411; x_wconf 38' lang='lat' dir='ltr'><strong>&amp;BQ</strong></span> <span class='ocrx_word' id='word_1_217' title='bbox 1632 2371 1702 2410; x_wconf 37' lang='lat'><strong>“⁸&#39;‘</strong></span> 
     </span>
     <span class='ocr_line' id='line_1_32' title="bbox 72 2443 1776 2511; baseline 0.007 -20"><span class='ocrx_word' id='word_1_218' title='bbox 72 2450 130 2492; x_wconf 92' lang='lat' dir='ltr'><strong>ut</strong></span> <span class='ocrx_word' id='word_1_219' title='bbox 168 2443 344 2508; x_wconf 90' lang='lat' dir='ltr'><strong>procul</strong></span> <span class='ocrx_word' id='word_1_220' title='bbox 385 2448 595 2495; x_wconf 87' lang='lat' dir='ltr'><strong>extremi</strong></span> <span class='ocrx_word' id='word_1_221' title='bbox 626 2446 800 2511; x_wconf 88' lang='lat' dir='ltr'><strong>gelidis</strong></span> <span class='ocrx_word' id='word_1_222' title='bbox 840 2464 866 2497; x_wconf 91' lang='lat' dir='ltr'><strong>a</strong></span> <span class='ocrx_word' id='word_1_223' title='bbox 905 2444 1123 2499; x_wconf 73' lang='lat' dir='ltr'><strong>ssuffi‘i‘ffis</strong></span> <span class='ocrx_word' id='word_1_224' title='bbox 1163 2451 1311 2500; x_wconf 91' lang='lat' dir='ltr'><strong>undis</strong></span> <span class='ocrx_word' id='word_1_225' title='bbox 1687 2462 1776 2504; x_wconf 86' lang='lat'><strong>350</strong></span> 
     </span>
     <span class='ocr_line' id='line_1_33' title="bbox 72 2518 1280 2591; baseline 0.008 -27"><span class='ocrx_word' id='word_1_226' title='bbox 72 2518 231 2581; x_wconf 88' lang='lat' dir='ltr'><strong>prima</strong></span> <span class='ocrx_word' id='word_1_227' title='bbox 270 2520 407 2568; x_wconf 88' lang='lat' dir='ltr'><strong>uiros</strong></span> <span class='ocrx_word' id='word_1_228' title='bbox 447 2521 596 2569; x_wconf 87' lang='lat' dir='ltr'><strong>tacito</strong></span> <span class='ocrx_word' id='word_1_229' title='bbox 636 2521 763 2571; x_wconf 88' lang='lat' dir='ltr'><strong>uidit</strong></span> <span class='ocrx_word' id='word_1_230' title='bbox 802 2523 1075 2587; x_wconf 88' lang='lat' dir='ltr'><strong>procedere</strong></span> <span class='ocrx_word' id='word_1_231' title='bbox 1115 2540 1280 2591; x_wconf 74' lang='lat' dir='ltr'><strong>passil,</strong></span> 
     </span>
     <span class='ocr_line' id='line_1_34' title="bbox 74 2589 1458 2649; baseline 0.008 -11"><span class='ocrx_word' id='word_1_232' title='bbox 74 2589 297 2641; x_wconf 87' lang='lat' dir='ltr'><strong>substitit</strong></span> <span class='ocrx_word' id='word_1_233' title='bbox 336 2607 391 2641; x_wconf 89' lang='lat' dir='ltr'><strong>ac</strong></span> <span class='ocrx_word' id='word_1_234' title='bbox 430 2600 617 2644; x_wconf 90' lang='lat' dir='ltr'><strong>maesto</strong></span> <span class='ocrx_word' id='word_1_235' title='bbox 656 2597 906 2646; x_wconf 87' lang='lat' dir='ltr'><strong>nutricem</strong></span> <span class='ocrx_word' id='word_1_236' title='bbox 945 2597 1103 2647; x_wconf 82' lang='lat' dir='ltr'><strong>adfata</strong></span> <span class='ocrx_word' id='word_1_237' title='bbox 1142 2600 1320 2648; x_wconf 90' lang='lat' dir='ltr'><strong>timore</strong></span> <span class='ocrx_word' id='word_1_238' title='bbox 1362 2606 1458 2649; x_wconf 92' lang='lat' dir='ltr'><strong>est:</strong></span> 
     </span>
    </p>

    <p class='ocr_par' dir='ltr' id='par_1_9' title="bbox 74 2659 1690 2812">
     <span class='ocr_line' id='line_1_35' title="bbox 75 2659 1690 2742; baseline 0.008 -30"><span class='ocrx_word' id='word_1_239' title='bbox 75 2659 219 2729; x_wconf 77' lang='lat' dir='ltr'><strong>‘quae</strong></span> <span class='ocrx_word' id='word_1_240' title='bbox 260 2680 433 2716; x_wconf 90' lang='lat' dir='ltr'><strong>manus</strong></span> <span class='ocrx_word' id='word_1_241' title='bbox 472 2667 615 2736; x_wconf 91' lang='lat' dir='ltr'><strong>haec,</strong></span> <span class='ocrx_word' id='word_1_242' title='bbox 656 2677 794 2720; x_wconf 90' lang='lat' dir='ltr'><strong>certo</strong></span> <span class='ocrx_word' id='word_1_243' title='bbox 836 2678 929 2721; x_wconf 91' lang='lat' dir='ltr'><strong>ceu</strong></span> <span class='ocrx_word' id='word_1_244' title='bbox 969 2687 1046 2721; x_wconf 86' lang='lat' dir='ltr'><strong>me</strong></span> <span class='ocrx_word' id='word_1_245' title='bbox 1086 2679 1223 2738; x_wconf 89' lang='lat' dir='ltr'><strong>petat</strong></span> <span class='ocrx_word' id='word_1_246' title='bbox 1262 2676 1477 2742; x_wconf 90' lang='lat' dir='ltr'><strong>agmine,</strong></span> <span class='ocrx_word' id='word_1_247' title='bbox 1517 2681 1690 2742; x_wconf 88' lang='lat' dir='ltr'><strong>mater,</strong></span> 
     </span>
     <span class='ocr_line' id='line_1_36' title="bbox 74 2738 1533 2812; baseline 0.009 -26"><span class='ocrx_word' id='word_1_248' title='bbox 74 2738 276 2789; x_wconf 88' lang='lat' dir='ltr'><strong>aduenit</strong></span> <span class='ocrx_word' id='word_1_249' title='bbox 314 2739 432 2790; x_wconf 90' lang='lat' dir='ltr'><strong>haut</strong></span> <span class='ocrx_word' id='word_1_250' title='bbox 472 2745 644 2811; x_wconf 90' lang='lat' dir='ltr'><strong>armis,</strong></span> <span class='ocrx_word' id='word_1_251' title='bbox 684 2744 814 2794; x_wconf 90' lang='lat' dir='ltr'><strong>haud</strong></span> <span class='ocrx_word' id='word_1_252' title='bbox 847 2762 1083 2811; x_wconf 90' lang='lat' dir='ltr'><strong>umquam</strong></span> <span class='ocrx_word' id='word_1_253' title='bbox 1124 2750 1318 2812; x_wconf 89' lang='lat' dir='ltr'><strong>cognita</strong></span> <span class='ocrx_word' id='word_1_254' title='bbox 1359 2746 1533 2799; x_wconf 84' lang='lat' dir='ltr'><strong>cultu‘?</strong></span> 
     </span>
    </p>

    <p class='ocr_par' dir='ltr' id='par_1_10' title="bbox 74 2814 1773 2961">
     <span class='ocr_line' id='line_1_37' title="bbox 74 2814 1773 2888; baseline 0.006 -27"><span class='ocrx_word' id='word_1_255' title='bbox 74 2827 257 2876; x_wconf 88' lang='lat' dir='ltr'><strong>quaere</strong></span> <span class='ocrx_word' id='word_1_256' title='bbox 299 2814 484 2883; x_wconf 85' lang='lat' dir='ltr'><strong>sugam,</strong></span> <span class='ocrx_word' id='word_1_257' title='bbox 523 2832 723 2886; x_wconf 89' lang='lat' dir='ltr'><strong>precor,</strong></span> <span class='ocrx_word' id='word_1_258' title='bbox 765 2826 813 2869; x_wconf 93' lang='lat' dir='ltr'><strong>et</strong></span> <span class='ocrx_word' id='word_1_259' title='bbox 852 2827 987 2870; x_wconf 85' lang='lat' dir='ltr'><strong>tutos</strong></span> <span class='ocrx_word' id='word_1_260' title='bbox 1028 2823 1354 2888; x_wconf 90' lang='lat' dir='ltr'><strong>circumspice</strong></span> <span class='ocrx_word' id='word_1_261' title='bbox 1397 2820 1584 2873; x_wconf 65' lang='lat' dir='ltr'><strong>saltus?</strong></span> <span class='ocrx_word' id='word_1_262' title='bbox 1685 2834 1773 2874; x_wconf 89' lang='grc'><strong>355</strong></span> 
     </span>
     <span class='ocr_line' id='line_1_38' title="bbox 74 2886 1233 2961; baseline 0.009 -25"><span class='ocrx_word' id='word_1_263' title='bbox 74 2886 210 2938; x_wconf 89' lang='lat' dir='ltr'><strong>audit</strong></span> <span class='ocrx_word' id='word_1_264' title='bbox 249 2889 463 2954; x_wconf 88' lang='lat' dir='ltr'><strong>uirginei</strong></span> <span class='ocrx_word' id='word_1_265' title='bbox 503 2897 671 2942; x_wconf 83' lang='lat' dir='ltr'><strong>custos</strong></span> <span class='ocrx_word' id='word_1_266' title='bbox 711 2894 1002 2958; x_wconf 62' lang='lat' dir='ltr'><strong>grandaeua,</strong></span> <span class='ocrx_word' id='word_1_267' title='bbox 1028 2895 1233 2961; x_wconf 88' lang='lat' dir='ltr'><strong>pudoris</strong></span> 
     </span>
    </p>
   </div>
   <div class='ocr_carea' id='block_1_3' title="bbox 916 1914 1155 1926">
    <p class='ocr_par' dir='ltr' id='par_1_11' title="bbox 916 1914 1155 1926">
     <span class='ocr_line' id='line_1_39' title="bbox 916 1914 1155 1926; baseline 0 1194"><span class='ocrx_word' id='word_1_268' title='bbox 916 1914 1155 1926; x_wconf 95' lang='lat' dir='ltr'><strong> </strong></span> 
     </span>
    </p>
   </div>
  </div>
 </body>
</html>
