2020 3120
255 82 322 133 76
823 81 872 126 C.
904 82 1133 127 VALERI
1163 80 1382 127 FLACCI

250 221 342 255 nec
382 221 478 271 qua
516 205 644 255 ualle
684 220 897 273 memor,
936 220 1029 254 nec
1070 220 1178 270 quo·
1209 220 1262 255 se
1300 207 1493 256 uertice
1533 208 1688 256 sistat.

252 279 473 329 inachias
513 294 684 328 errore
726 280 872 329 etiam
912 278 1136 328 defertur
1173 279 1242 328 ad*
1271 279 1438 329 undas>

253 354 410 419 qualis
450 359 499 403 et
538 369 564 402 a
602 355 762 418 prima
802 359 1041 418 quantum
1078 358 1266 402 mutata
1295 352 1529 403 iuuenca!

252 443 343 476 nec
382 434 524 492 pater
563 433 648 476 aut
686 427 908 492 trepidae
947 433 1190 493 temptant
1229 427 1472 476 accedere·
1506 427 1762 494 nymphae.

254 516 370 565 ergo
411 503 594 550 iterum
634 501 806 568 siluas,
844 504 1028 550 iterum
1065 503 1192 567 petit
1229 502 1364 550 inuia
1401 507 1543 550 ret-ro:
1858 505 1948 552 40⁶

252 590 344 624 ceu
386 575 533 640 Styga
573 574 809 624 dilectum
847 576 1043 640 fugiens
1083 582 1252 641 caput3
1289 575 1406 624 inde
1442 590 1534 640 per
1570 574 1729 625 urbes

252 655 477 714 raptatur
517 648 687 698 Graias
727 649 886 714 adque
927 649 1083 699 ardua
1116 649 1320 699 ssumina
1357 650 1505 716 ripis,¹

252 723 415 773 oblato
456 723 614 772 donec
653 723 856 788 paulum
895 729 1125 774 cunctata
1162 739 1223 789 pl
1212 722 1412 772 ofundo
1819 784 1822 786 q

252 797 447 847 incidit:
487 797 735 847 absistunt
771 797 953 847 fluctus
994 804 1044 847 et
1082 813 1239 862 gnara
1271 798 1430 847 futuri
1667 797 1857 844 '²³42'ae-

252 871 370 921 dant
406 852 628 936 placida
632 863 730 920 asta
759 874 914 937 uiam3
954 871 1099 920 celsis
1138 871 1317 936 procul
1350 873 1460 936 ipsa
1496 871 1710 937 refulget
1856 881 1948 921 405.

252 944 488 994 comibus
526 961 582 994 ac
622 960 812 994 summa
850 944 1064 1010 palearia
1103 947 1319 994 sustinet
1354 945 1500 995 undat.
1856 975 1861 978 -

252 1026 327 1069 ast
365 1018 516 1068 Erebi
552 1021 696 1084 uirgo
737 1019 890 1068 ditem
928 1018 1063 1068 uolat
1101 1019 1302 1068 aethere
1340 1018 1591 1084 Memphin

250 1095 539 1159 praecipere
581 1099 630 1142 et
667 1092 845 1142 Pharia
883 1095 1171 1143 uenientem
1209 1093 1394 1158 pellere
1435 1098 1583 1142 terra.

252 1173 426 1217 contra
463 1166 603 1216 Nilus
643 1166 784 1216 adest
822 1174 872 1216 et
911 1174 1015 1216 toto
1055 1169 1251 1233 gurgite
1290 1174 1536 1231 torquens
1884 1224 1885 1227 Ἴ

253 1240 558 1306 Tisiphonen
598 1242 698 1306 agit
736 1240 895 1306 adque
934 1243 1047 1290 imis
1086 1241 1249 1309 inlidit
1286 1240 1493 1290 harenis-v
1607 1251 1646 1278 ‘¹2
1742 1259 1745 1266 *¹
1790 1254 1808 1267 ··
1858 1251 1949 1291 4-10

252 1315 376 1364 Ditis
416 1330 561 1380 opem
600 1330 656 1364 ac
696 1316 830 1364 caeci
861 1315 1153 1364 clamantem
1194 1317 1396 1365 numina
1434 1316 1589 1379 regni.

252 1395 491 1454 apparent
529 1404 829 1454 sparsaeque
869 1389 1002 1438 faces
1041 1389 1347 1453 disiectaque
1383 1389 1533 1453 longe

250 1463 464 1513 uerbera
504 1470 553 1512 et
592 1462 817 1528 abruptis
855 1465 1054 1513 excussi
1092 1462 1314 1512 crinibus
1336 1461 1510 1528 ‘hydri

252 1553 343 1586 nec
382 1536 516 1587 Iouis
555 1539 747 1587 interea
786 1544 948 1587 cessat
985 1552 1175 1587 manus,
1252 1539 1446 1587 intonat
1483 1535 1590 1586 altam

250 1613 517 1676 insurgens
557 1611 691 1661 caelo
731 1612 927 1677 genitor
966 1622 1235 1676 curamque
1276 1612 1482 1678 fatetur
1721 1597 1837 1638 ²⁶³*ss
1859 1612 1949 1659 415

252 1692 399 1751 atque
440 1687 546 1752 ipsa
583 1687 851 1751 imperium
889 1685 1016 1736 Iuno
1051 1692 1217 1751 pauet.
1295 1673 1434 1735 haec
1435 1681 1632 1750 promi
1670 1683 1722 1733 Ῑιο

251 1766 443 1825 spectat
482 1759 542 1808 ab
582 1775 696 1809 arce
735 1759 884 1809 Phari
921 1762 1020 1809 iam
1058 1760 1188 1809 diuis
1228 1759 1391 1808 addita
1429 1760 1625 1824 iamque

252 1833 420 1898 aspide
460 1835 627 1883 uincta
667 1848 832 1882 comas
873 1840 921 1882 et
960 1836 1129 1883 ouanti
1166 1839 1379 1898 persona
1418 1835 1659 1883 aninmo.
1662 1839 1722 1878 ³:³³

251 1907 542 1972 Bosphoion
582 1907 697 1956 hinc
737 1914 936 1957 ueteres
975 1909 1188 1957 errantis
1226 1908 1425 1956 nomine
1464 1906 1614 1956 dmae

252 1981 537 2046 uulgauere.
615 1983 756 2030 iuuet
794 1985 993 2030 nostros
1033 1996 1167 2031 nunc
1205 1982 1314 2046 ipsa
1351 1979 1548 2030 labores
1855 1984 1948 2029 420

251 2056 569 2120 inmissisque
609 2061 767 2104 ratem
806 2071 895 2105 sua
932 2071 1024 2120 per
1062 2056 1189 2104 freta
1227 2054 1471 2120 prouehat
1507 2049 1678 2104 auris?

327 2128 541 2178 Dixerat.
619 2135 669 2179 et
706 2128 886 2194 piacidi
924 2128 1194 2179 tendebant
1233 2128 1435 2179 carbasa
1472 2130 1629 2179 uenti.

252 2210 453 2268 postera
491 2218 591 2252 non
631 2218 798 2273 cassae
837 2202 1015 2268 Minyis
1054 2204 1245 2253 Aurora
1283 2204 1465 2252 retexit

252 2278 412 2326 noctis
451 2279 569 2342 iter3
608 2292 739 2326 noua
779 2283 957 2326 cuncta
996 2277 1171 2327 uident
1210 2277 1510 2342 Thyneaque
1547 2278 1690 2326 iuxta-

251 2351 396 2400 litora
436 2350 622 2399 fatidici
659 2352 835 2415 poenis
872 2350 1126 2400 horrentia
1163 2350 1354 2399 Phinei.
1857 2355 1947 2397 425

220 2463 228 2474 .,
251 2425 355 2473 dira
397 2423 546 2473 deum
585 2438 878 2489 summoque
917 2424 1025 2489 lues
1064 2423 1275 2488 urgebat
1310 2425 1362 2472 in
1399 2438 1539 2472 aeuo.
1609 2440 1613 2443 ·

94 2551 97 2559 ,
186 2495 189 2498 ’
251 2500 432 2569 quippe
473 2512 636 2563 neque
676 2504 926 2561 extorrem
965 2503 1159 2547 tantum
1197 2511 1289 2546 nec
1328 2496 1454 2546 lucis
1493 2502 1722 2561 egentem
1772 2511 1774 2514 ’
1850 2491 1854 2494 ’

250 2574 455 2638 insuper
486 2570 727 2658 Harpyiae
762 2559 1070 2638 TyphoideS,
1106 2573 1180 2620 ira
1216 2571 1448 2637 tonantia,

251 2645 553 2711 depopulant
589 2648 797 2711 ipsoque
838 2645 988 2711 dapes
1026 2644 1327 2711 praedantur
1365 2643 1428 2693 ah
1464 2659 1565 2693 ore.

251 2719 364 2768 talia
401 2719 625 2785 prodigia
666 2726 715 2769 et
752 2718 876 2769 tales
914 2734 1006 2785 pro
1046 2720 1253 2769 crimine
1292 2724 1477 2783 poenas
1855 2726 1947 2766 430

250 2795 544 2857 perpetitur.
622 2809 736 2859 spes
774 2809 873 2843 una
913 2795 1043 2860 seni,
1083 2791 1213 2858 quod
1253 2792 1438 2857 pellere
1478 2806 1676 2841 saeuam

253 2865 498 2931 quondam
538 2868 633 2916 sata
673 2866 806 2917 luem
845 2867 1083 2916 dederant
1114 2865 1354 2931 Aquilone
1394 2867 1587 2922 creatis
