<?xml version="1.0" encoding="UTF-8"?>
<!DOCTYPE html PUBLIC "-//W3C//DTD XHTML 1.0 Transitional//EN"
    "http://www.w3.org/TR/xhtml1/DTD/xhtml1-transitional.dtd">
<html xmlns="http://www.w3.org/1999/xhtml" xml:lang="en" lang="en">
 <head>
  <title>
</title>
<meta http-equiv="Content-Type" content="text/html;charset=utf-8" />
  <meta name='ocr-system' content='tesseract 3.04.00' />
  <meta name='ocr-capabilities' content='ocr_page ocr_carea ocr_par ocr_line ocrx_word'/>
</head>
<body>
  <div class='ocr_page' id='page_1' title='image "argonauticteub00valeuoft_0028.png"; bbox 0 0 1982 3120; ppageno 0'>
   <div class='ocr_carea' id='block_1_1' title="bbox 184 92 1198 138">
    <p class='ocr_par' dir='ltr' id='par_1_1' title="bbox 184 92 1198 138">
     <span class='ocr_line' id='line_1_1' title="bbox 184 92 1198 138; baseline 0 0"><span class='ocrx_word' id='word_1_1' title='bbox 184 92 335 138; x_wconf 87' lang='lat' dir='ltr'><strong>XXIV</strong></span> <span class='ocrx_word' id='word_1_2' title='bbox 849 92 1198 138; x_wconf 82' lang='lat' dir='ltr'><strong>PRAEFATIO</strong></span> 
     </span>
    </p>
   </div>
   <div class='ocr_carea' id='block_1_2' title="bbox 188 216 1934 1604">
    <p class='ocr_par' dir='ltr' id='par_1_2' title="bbox 337 216 1407 278">
     <span class='ocr_line' id='line_1_2' title="bbox 337 216 1407 278; baseline 0.001 -13"><span class='ocrx_word' id='word_1_3' title='bbox 337 218 439 266; x_wconf 85' lang='grc'>681</span> <span class='ocrx_word' id='word_1_4' title='bbox 481 221 746 278; x_wconf 75' lang='lat' dir='ltr'>sequuntur</span> <span class='ocrx_word' id='word_1_5' title='bbox 783 216 994 265; x_wconf 83' lang='lat' dir='ltr'>Aldina:</span> <span class='ocrx_word' id='word_1_6' title='bbox 1034 222 1309 278; x_wconf 76' lang='lat' dir='ltr'>sequentum</span> <span class='ocrx_word' id='word_1_7' title='bbox 1347 217 1407 266; x_wconf 90' lang='lat' dir='ltr'>V.</span> 
     </span>
    </p>

    <p class='ocr_par' dir='ltr' id='par_1_3' title="bbox 188 285 1934 500">
     <span class='ocr_line' id='line_1_3' title="bbox 336 285 1934 354; baseline 0.001 -15"><span class='ocrx_word' id='word_1_8' title='bbox 336 293 440 340; x_wconf 87' lang='grc'>699</span> <span class='ocrx_word' id='word_1_9' title='bbox 482 293 654 351; x_wconf 78' lang='lat' dir='ltr'>futura</span> <span class='ocrx_word' id='word_1_10' title='bbox 693 291 892 352; x_wconf 81' lang='lat' dir='ltr'>scripsi:</span> <span class='ocrx_word' id='word_1_11' title='bbox 939 292 1123 350; x_wconf 77' lang='lat' dir='ltr'>futuris</span> <span class='ocrx_word' id='word_1_12' title='bbox 1159 289 1219 339; x_wconf 88' lang='lat' dir='ltr'>V.</span> <span class='ocrx_word' id='word_1_13' title='bbox 1297 307 1355 340; x_wconf 85' lang='lat' dir='ltr'>ex</span> <span class='ocrx_word' id='word_1_14' title='bbox 1403 285 1612 340; x_wconf 75' lang='lat' dir='ltr'>‘futura&#39;</span> <span class='ocrx_word' id='word_1_15' title='bbox 1658 292 1878 354; x_wconf 90' lang='lat' dir='ltr'>primum</span> <span class='ocrx_word' id='word_1_16' title='bbox 1930 350 1934 354; x_wconf 88' lang='lat'>.</span> 
     </span>
     <span class='ocr_line' id='line_1_4' title="bbox 188 358 1884 430; baseline -0.001 -17"><span class='ocrx_word' id='word_1_17' title='bbox 188 359 385 413; x_wconf 77' lang='lat' dir='ltr'>‘futuri&#39;</span> <span class='ocrx_word' id='word_1_18' title='bbox 426 358 510 429; x_wconf 86' lang='lat' dir='ltr'>(cf.</span> <span class='ocrx_word' id='word_1_19' title='bbox 551 364 615 412; x_wconf 88' lang='lat' dir='ltr'>ad</span> <span class='ocrx_word' id='word_1_20' title='bbox 652 363 678 411; x_wconf 94' lang='lat' dir='ltr'>I</span> <span class='ocrx_word' id='word_1_21' title='bbox 718 358 827 430; x_wconf 85' lang='lat'>58),</span> <span class='ocrx_word' id='word_1_22' title='bbox 868 364 1045 412; x_wconf 88' lang='lat' dir='ltr'>deinde</span> <span class='ocrx_word' id='word_1_23' title='bbox 1095 359 1320 413; x_wconf 74' lang='lat' dir='ltr'>‘futuris&#39;</span> <span class='ocrx_word' id='word_1_24' title='bbox 1358 365 1548 413; x_wconf 90' lang='lat' dir='ltr'>factum</span> <span class='ocrx_word' id='word_1_25' title='bbox 1586 367 1678 428; x_wconf 83' lang='lat' dir='ltr'>est,</span> <span class='ocrx_word' id='word_1_26' title='bbox 1715 368 1773 414; x_wconf 90' lang='lat' dir='ltr'>ut</span> <span class='ocrx_word' id='word_1_27' title='bbox 1811 365 1884 413; x_wconf 93' lang='lat' dir='ltr'>IV</span> 
     </span>
     <span class='ocr_line' id='line_1_5' title="bbox 190 432 1244 500; baseline 0 -14"><span class='ocrx_word' id='word_1_28' title='bbox 190 441 260 488; x_wconf 83' lang='lat'>20</span> <span class='ocrx_word' id='word_1_29' title='bbox 298 454 390 500; x_wconf 89' lang='lat' dir='ltr'>pro</span> <span class='ocrx_word' id='word_1_30' title='bbox 432 432 615 486; x_wconf 75' lang='lat' dir='ltr'>‘siluis&#39;</span> <span class='ocrx_word' id='word_1_31' title='bbox 655 437 708 485; x_wconf 91' lang='lat' dir='ltr'>in</span> <span class='ocrx_word' id='word_1_32' title='bbox 745 437 793 484; x_wconf 90' lang='lat' dir='ltr'><strong>V</strong></span> <span class='ocrx_word' id='word_1_33' title='bbox 830 438 1019 500; x_wconf 87' lang='lat' dir='ltr'>legitur</span> <span class='ocrx_word' id='word_1_34' title='bbox 1059 432 1244 486; x_wconf 57' lang='grc' dir='ltr'>ε81111113.</span> 
     </span>
    </p>

    <p class='ocr_par' dir='ltr' id='par_1_4' title="bbox 339 511 1191 573">
     <span class='ocr_line' id='line_1_6' title="bbox 339 511 1191 573; baseline -0.001 -14"><span class='ocrx_word' id='word_1_35' title='bbox 339 513 441 560; x_wconf 81' lang='grc' dir='ltr'>7Ο2</span> <span class='ocrx_word' id='word_1_36' title='bbox 483 512 661 571; x_wconf 75' lang='lat' dir='ltr'>famuli</span> <span class='ocrx_word' id='word_1_37' title='bbox 699 511 896 573; x_wconf 79' lang='lat' dir='ltr'>scripsi:</span> <span class='ocrx_word' id='word_1_38' title='bbox 938 513 1092 559; x_wconf 66' lang='lat' dir='ltr'>afnimi</span> <span class='ocrx_word' id='word_1_39' title='bbox 1129 511 1191 558; x_wconf 91' lang='lat' dir='ltr'>V.</span> 
     </span>
    </p>

    <p class='ocr_par' dir='ltr' id='par_1_5' title="bbox 339 585 1718 646">
     <span class='ocr_line' id='line_1_7' title="bbox 339 585 1718 646; baseline -0.001 -13"><span class='ocrx_word' id='word_1_40' title='bbox 339 586 443 633; x_wconf 84' lang='lat'>724</span> <span class='ocrx_word' id='word_1_41' title='bbox 485 598 716 643; x_wconf 65' lang='lat' dir='ltr'>casusque</span> <span class='ocrx_word' id='word_1_42' title='bbox 744 599 896 644; x_wconf 75' lang='lat' dir='ltr'>pares</span> <span class='ocrx_word' id='word_1_43' title='bbox 935 585 1133 646; x_wconf 85' lang='lat' dir='ltr'>scripsi:</span> <span class='ocrx_word' id='word_1_44' title='bbox 1174 599 1405 645; x_wconf 80' lang='lat' dir='ltr'>casusque</span> <span class='ocrx_word' id='word_1_45' title='bbox 1425 599 1613 645; x_wconf 70' lang='lat' dir='ltr'>parem</span> <span class='ocrx_word' id='word_1_46' title='bbox 1650 585 1718 642; x_wconf 18' lang='lat' dir='ltr'>V.-</span> 
     </span>
    </p>

    <p class='ocr_par' dir='ltr' id='par_1_6' title="bbox 341 658 1124 719">
     <span class='ocr_line' id='line_1_8' title="bbox 341 658 1124 719; baseline 0.001 -14"><span class='ocrx_word' id='word_1_47' title='bbox 341 659 446 705; x_wconf 84' lang='lat'>744</span> <span class='ocrx_word' id='word_1_48' title='bbox 484 659 630 717; x_wconf 77' lang='lat' dir='ltr'>factis</span> <span class='ocrx_word' id='word_1_49' title='bbox 669 658 868 719; x_wconf 88' lang='lat' dir='ltr'>scripsi:</span> <span class='ocrx_word' id='word_1_50' title='bbox 907 659 1026 717; x_wconf 79' lang='lat' dir='ltr'>fatis</span> <span class='ocrx_word' id='word_1_51' title='bbox 1063 658 1124 706; x_wconf 87' lang='lat' dir='ltr'>V.</span> 
     </span>
    </p>

    <p class='ocr_par' dir='ltr' id='par_1_7' title="bbox 189 731 1892 1604">
     <span class='ocr_line' id='line_1_9' title="bbox 341 731 1883 793; baseline 0.001 -14"><span class='ocrx_word' id='word_1_52' title='bbox 341 733 443 780; x_wconf 84' lang='lat'>749</span> <span class='ocrx_word' id='word_1_53' title='bbox 485 733 602 791; x_wconf 73' lang='lat' dir='ltr'>quin</span> <span class='ocrx_word' id='word_1_54' title='bbox 631 733 770 791; x_wconf 77' lang='lat' dir='ltr'>rapis</span> <span class='ocrx_word' id='word_1_55' title='bbox 805 731 931 780; x_wconf 77' lang='lat' dir='ltr'>hauc</span> <span class='ocrx_word' id='word_1_56' title='bbox 969 734 1187 780; x_wconf 76' lang='lat' dir='ltr'>animam</span> <span class='ocrx_word' id='word_1_57' title='bbox 1225 736 1268 780; x_wconf 76' lang='lat' dir='ltr'>et</span> <span class='ocrx_word' id='word_1_58' title='bbox 1303 733 1515 793; x_wconf 73' lang='lat' dir='ltr'>fmmulos</span> <span class='ocrx_word' id='word_1_59' title='bbox 1553 733 1674 780; x_wconf 66' lang='lat' dir='ltr'>cibus</span> <span class='ocrx_word' id='word_1_60' title='bbox 1711 733 1883 793; x_wconf 76' lang='lat' dir='ltr'>effuyis</span> 
     </span>
     <span class='ocr_line' id='line_1_10' title="bbox 189 805 1887 869; baseline 0 -15"><span class='ocrx_word' id='word_1_61' title='bbox 189 810 340 854; x_wconf 79' lang='lat' dir='ltr'>artus.</span> <span class='ocrx_word' id='word_1_62' title='bbox 419 807 591 853; x_wconf 88' lang='lat' dir='ltr'>carent</span> <span class='ocrx_word' id='word_1_63' title='bbox 629 805 752 853; x_wconf 88' lang='lat' dir='ltr'>haec</span> <span class='ocrx_word' id='word_1_64' title='bbox 792 820 941 854; x_wconf 89' lang='lat' dir='ltr'>sensu</span> <span class='ocrx_word' id='word_1_65' title='bbox 979 805 1172 854; x_wconf 91' lang='lat' dir='ltr'>idoneo.</span> <span class='ocrx_word' id='word_1_66' title='bbox 1226 821 1344 853; x_wconf 86' lang='lat' dir='ltr'>nam</span> <span class='ocrx_word' id='word_1_67' title='bbox 1382 805 1514 869; x_wconf 90' lang='lat' dir='ltr'>quod</span> <span class='ocrx_word' id='word_1_68' title='bbox 1551 805 1673 854; x_wconf 90' lang='lat' dir='ltr'>Pius</span> <span class='ocrx_word' id='word_1_69' title='bbox 1711 820 1887 854; x_wconf 90' lang='lat' dir='ltr'>uocem</span> 
     </span>
     <span class='ocr_line' id='line_1_11' title="bbox 190 873 1884 942; baseline 0.001 -16"><span class='ocrx_word' id='word_1_70' title='bbox 190 873 445 927; x_wconf 74' lang='lat' dir='ltr'>‘famulos’</span> <span class='ocrx_word' id='word_1_71' title='bbox 486 879 702 941; x_wconf 86' lang='lat' dir='ltr'>explicat</span> <span class='ocrx_word' id='word_1_72' title='bbox 743 873 1040 927; x_wconf 65' lang='lat' dir='ltr'>‘seruientes</span> <span class='ocrx_word' id='word_1_73' title='bbox 1080 880 1333 941; x_wconf 87' lang='lat' dir='ltr'>corporeis</span> <span class='ocrx_word' id='word_1_74' title='bbox 1380 873 1884 942; x_wconf 86' lang='lat' dir='ltr'>perturbationibus&#39;,</span> 
     </span>
     <span class='ocr_line' id='line_1_12' title="bbox 190 952 1884 1015; baseline 0.001 -15"><span class='ocrx_word' id='word_1_75' title='bbox 190 952 435 1000; x_wconf 89' lang='lat' dir='ltr'>eiusmodi</span> <span class='ocrx_word' id='word_1_76' title='bbox 490 952 739 1001; x_wconf 89' lang='lat' dir='ltr'>sententia</span> <span class='ocrx_word' id='word_1_77' title='bbox 793 968 943 1015; x_wconf 91' lang='lat' dir='ltr'>quam</span> <span class='ocrx_word' id='word_1_78' title='bbox 995 953 1210 1000; x_wconf 84' lang='lat' dir='ltr'>maxime</span> <span class='ocrx_word' id='word_1_79' title='bbox 1262 954 1325 1001; x_wconf 91' lang='lat' dir='ltr'>ab</span> <span class='ocrx_word' id='word_1_80' title='bbox 1382 955 1476 1002; x_wconf 92' lang='lat' dir='ltr'>hoc</span> <span class='ocrx_word' id='word_1_81' title='bbox 1522 952 1723 1015; x_wconf 87' lang='lat' dir='ltr'>quidem</span> <span class='ocrx_word' id='word_1_82' title='bbox 1773 953 1884 1001; x_wconf 91' lang='lat' dir='ltr'>loco</span> 
     </span>
     <span class='ocr_line' id='line_1_13' title="bbox 190 1026 1883 1089; baseline -0.001 -14"><span class='ocrx_word' id='word_1_83' title='bbox 190 1027 355 1075; x_wconf 89' lang='lat' dir='ltr'>aliena</span> <span class='ocrx_word' id='word_1_84' title='bbox 393 1027 472 1074; x_wconf 90' lang='lat' dir='ltr'>est</span> <span class='ocrx_word' id='word_1_85' title='bbox 508 1041 669 1088; x_wconf 89' lang='lat' dir='ltr'>neque</span> <span class='ocrx_word' id='word_1_86' title='bbox 708 1026 943 1088; x_wconf 89' lang='lat' dir='ltr'>antiquae</span> <span class='ocrx_word' id='word_1_87' title='bbox 991 1026 1246 1089; x_wconf 87' lang='lat' dir='ltr'>cogitandi</span> <span class='ocrx_word' id='word_1_88' title='bbox 1290 1027 1476 1075; x_wconf 89' lang='lat' dir='ltr'>rationi</span> <span class='ocrx_word' id='word_1_89' title='bbox 1521 1027 1774 1088; x_wconf 89' lang='lat' dir='ltr'>conuenit,</span> <span class='ocrx_word' id='word_1_90' title='bbox 1825 1028 1883 1074; x_wconf 94' lang='lat' dir='ltr'>ut</span> 
     </span>
     <span class='ocr_line' id='line_1_14' title="bbox 190 1097 1882 1163; baseline -0.002 -15"><span class='ocrx_word' id='word_1_91' title='bbox 190 1099 469 1148; x_wconf 80' lang='lat' dir='ltr'>rectissime</span> <span class='ocrx_word' id='word_1_92' title='bbox 514 1099 709 1147; x_wconf 91' lang='lat' dir='ltr'>monuit</span> <span class='ocrx_word' id='word_1_93' title='bbox 754 1100 1183 1162; x_wconf 81' lang='lat' dir='ltr'>Eyssenhardtius</span> <span class='ocrx_word' id='word_1_94' title='bbox 1241 1097 1295 1162; x_wconf 90' lang='lat'>[1.</span> <span class='ocrx_word' id='word_1_95' title='bbox 1348 1101 1382 1148; x_wconf 91' lang='lat'>1.</span> <span class='ocrx_word' id='word_1_96' title='bbox 1432 1117 1480 1163; x_wconf 91' lang='lat' dir='ltr'>p.</span> <span class='ocrx_word' id='word_1_97' title='bbox 1533 1098 1681 1162; x_wconf 62' lang='lat'>383}</span> <span class='ocrx_word' id='word_1_98' title='bbox 1757 1099 1882 1146; x_wconf 91' lang='lat' dir='ltr'>Bur-</span> 
     </span>
     <span class='ocr_line' id='line_1_15' title="bbox 190 1167 1884 1235; baseline -0.001 -14"><span class='ocrx_word' id='word_1_99' title='bbox 190 1188 402 1221; x_wconf 85' lang='lat' dir='ltr'>mannus</span> <span class='ocrx_word' id='word_1_100' title='bbox 442 1174 613 1220; x_wconf 88' lang='lat' dir='ltr'>autem</span> <span class='ocrx_word' id='word_1_101' title='bbox 653 1173 738 1235; x_wconf 88' lang='lat' dir='ltr'>qui</span> <span class='ocrx_word' id='word_1_102' title='bbox 777 1168 1010 1222; x_wconf 79' lang='lat' dir='ltr'>‘famulos</span> <span class='ocrx_word' id='word_1_103' title='bbox 1051 1168 1212 1222; x_wconf 83' lang='lat' dir='ltr'>artus&#39;</span> <span class='ocrx_word' id='word_1_104' title='bbox 1252 1172 1373 1222; x_wconf 78' lang='lat' dir='ltr'>dicit</span> <span class='ocrx_word' id='word_1_105' title='bbox 1412 1189 1521 1223; x_wconf 88' lang='lat' dir='ltr'>esse</span> <span class='ocrx_word' id='word_1_106' title='bbox 1571 1167 1677 1235; x_wconf 76' lang='lat' dir='ltr'>‘qui</span> <span class='ocrx_word' id='word_1_107' title='bbox 1713 1173 1884 1221; x_wconf 83' lang='lat' dir='ltr'>Peliae</span> 
     </span>
     <span class='ocr_line' id='line_1_16' title="bbox 190 1240 1890 1310; baseline -0.001 -16"><span class='ocrx_word' id='word_1_108' title='bbox 190 1240 605 1308; x_wconf 86' lang='lat' dir='ltr'>famulabuntur&#39;‚</span> <span class='ocrx_word' id='word_1_109' title='bbox 653 1246 840 1294; x_wconf 89' lang='lat' dir='ltr'>oblitus</span> <span class='ocrx_word' id='word_1_110' title='bbox 887 1249 986 1310; x_wconf 87' lang='lat' dir='ltr'>est,</span> <span class='ocrx_word' id='word_1_111' title='bbox 1034 1250 1092 1295; x_wconf 90' lang='lat' dir='ltr'>ut</span> <span class='ocrx_word' id='word_1_112' title='bbox 1138 1247 1240 1295; x_wconf 86' lang='lat' dir='ltr'>alia</span> <span class='ocrx_word' id='word_1_113' title='bbox 1276 1248 1497 1310; x_wconf 85' lang='lat' dir='ltr'>mittam,</span> <span class='ocrx_word' id='word_1_114' title='bbox 1552 1247 1752 1295; x_wconf 87' lang='lat' dir='ltr'>Aesona</span> <span class='ocrx_word' id='word_1_115' title='bbox 1789 1261 1890 1295; x_wconf 90' lang='lat' dir='ltr'>non</span> 
     </span>
     <span class='ocr_line' id='line_1_17' title="bbox 191 1319 1886 1382; baseline 0 -15"><span class='ocrx_word' id='word_1_116' title='bbox 191 1320 576 1382; x_wconf 86' lang='lat' dir='ltr'>famulaturum,</span> <span class='ocrx_word' id='word_1_117' title='bbox 617 1319 704 1368; x_wconf 92' lang='lat' dir='ltr'>sed</span> <span class='ocrx_word' id='word_1_118' title='bbox 741 1320 1141 1368; x_wconf 87' lang='lat' dir='ltr'>interficiendum</span> <span class='ocrx_word' id='word_1_119' title='bbox 1177 1321 1350 1370; x_wconf 89' lang='lat' dir='ltr'>fuisse.</span> <span class='ocrx_word' id='word_1_120' title='bbox 1415 1321 1502 1370; x_wconf 88' lang='lat' dir='ltr'>sed</span> <span class='ocrx_word' id='word_1_121' title='bbox 1539 1322 1599 1368; x_wconf 89' lang='lat' dir='ltr'>ut</span> <span class='ocrx_word' id='word_1_122' title='bbox 1636 1320 1886 1382; x_wconf 88' lang='lat' dir='ltr'>mendum,</span> 
     </span>
     <span class='ocr_line' id='line_1_18' title="bbox 194 1394 1886 1458; baseline 0.001 -17"><span class='ocrx_word' id='word_1_123' title='bbox 194 1394 327 1456; x_wconf 90' lang='lat' dir='ltr'>quod</span> <span class='ocrx_word' id='word_1_124' title='bbox 384 1408 563 1441; x_wconf 90' lang='lat' dir='ltr'>uersus</span> <span class='ocrx_word' id='word_1_125' title='bbox 624 1394 711 1441; x_wconf 87' lang='lat' dir='ltr'>ille</span> <span class='ocrx_word' id='word_1_126' title='bbox 771 1395 948 1455; x_wconf 89' lang='lat' dir='ltr'>procul</span> <span class='ocrx_word' id='word_1_127' title='bbox 1010 1394 1160 1442; x_wconf 91' lang='lat' dir='ltr'>dubio</span> <span class='ocrx_word' id='word_1_128' title='bbox 1224 1395 1493 1458; x_wconf 85' lang='lat' dir='ltr'>contraxit,</span> <span class='ocrx_word' id='word_1_129' title='bbox 1555 1396 1886 1455; x_wconf 87' lang='lat' dir='ltr'>remouerent‚</span> 
     </span>
     <span class='ocr_line' id='line_1_19' title="bbox 191 1463 1889 1530; baseline 0.001 -16"><span class='ocrx_word' id='word_1_130' title='bbox 191 1483 374 1530; x_wconf 88' lang='lat' dir='ltr'>parum</span> <span class='ocrx_word' id='word_1_131' title='bbox 434 1466 719 1529; x_wconf 79' lang='lat' dir='ltr'>probabilia</span> <span class='ocrx_word' id='word_1_132' title='bbox 778 1468 1099 1529; x_wconf 85' lang='lat' dir='ltr'>protulerunt</span> <span class='ocrx_word' id='word_1_133' title='bbox 1160 1468 1306 1517; x_wconf 90' lang='lat' dir='ltr'>docti.</span> <span class='ocrx_word' id='word_1_134' title='bbox 1397 1468 1600 1517; x_wconf 86' lang='lat' dir='ltr'>restitui</span> <span class='ocrx_word' id='word_1_135' title='bbox 1655 1463 1889 1516; x_wconf 73' lang='lat' dir='ltr'>‘famulos</span> 
     </span>
     <span class='ocr_line' id='line_1_20' title="bbox 193 1535 1892 1604; baseline 0.001 -16"><span class='ocrx_word' id='word_1_136' title='bbox 193 1541 322 1589; x_wconf 90' lang='lat' dir='ltr'>citus</span> <span class='ocrx_word' id='word_1_137' title='bbox 363 1540 544 1602; x_wconf 86' lang='lat' dir='ltr'>effugis</span> <span class='ocrx_word' id='word_1_138' title='bbox 582 1535 747 1603; x_wconf 88' lang='lat' dir='ltr'>ictus&#39;,</span> <span class='ocrx_word' id='word_1_139' title='bbox 786 1541 838 1588; x_wconf 89' lang='lat' dir='ltr'>id</span> <span class='ocrx_word' id='word_1_140' title='bbox 877 1544 968 1604; x_wconf 81' lang='lat' dir='ltr'>est,</span> <span class='ocrx_word' id='word_1_141' title='bbox 1007 1541 1312 1590; x_wconf 85' lang='lat' dir='ltr'>famulorum</span> <span class='ocrx_word' id='word_1_142' title='bbox 1350 1542 1502 1604; x_wconf 82' lang='lat' dir='ltr'>ictus,</span> <span class='ocrx_word' id='word_1_143' title='bbox 1541 1543 1599 1590; x_wconf 90' lang='lat' dir='ltr'>ut</span> <span class='ocrx_word' id='word_1_144' title='bbox 1639 1541 1892 1590; x_wconf 85' lang='lat' dir='ltr'>simillime</span> 
     </span>
    </p>
   </div>
   <div class='ocr_carea' id='block_1_3' title="bbox 193 1609 1982 1749">
    <p class='ocr_par' dir='ltr' id='par_1_8' title="bbox 193 1609 1982 1749">
     <span class='ocr_line' id='line_1_21' title="bbox 193 1609 1982 1678; baseline -0.002 -16"><span class='ocrx_word' id='word_1_145' title='bbox 193 1615 352 1662; x_wconf 87' lang='lat' dir='ltr'>habes</span> <span class='ocrx_word' id='word_1_146' title='bbox 391 1614 443 1662; x_wconf 88' lang='lat' dir='ltr'><strong>H</strong></span> <span class='ocrx_word' id='word_1_147' title='bbox 485 1615 589 1662; x_wconf 84' lang='lat'>268</span> <span class='ocrx_word' id='word_1_148' title='bbox 633 1609 852 1663; x_wconf 74' lang='lat' dir='ltr'>‘hederis</span> <span class='ocrx_word' id='word_1_149' title='bbox 890 1610 1259 1678; x_wconf 82' lang='lat' dir='ltr'>famularibus’,</span> <span class='ocrx_word' id='word_1_150' title='bbox 1301 1614 1446 1664; x_wconf 86' lang='lat' dir='ltr'>Ouid.</span> <span class='ocrx_word' id='word_1_151' title='bbox 1485 1631 1581 1663; x_wconf 88' lang='lat' dir='ltr'>am.</span> <span class='ocrx_word' id='word_1_152' title='bbox 1619 1614 1670 1663; x_wconf 91' lang='lat' dir='ltr'><strong>H</strong></span> <span class='ocrx_word' id='word_1_153' title='bbox 1711 1617 1764 1676; x_wconf 86' lang='lat'>7,</span> <span class='ocrx_word' id='word_1_154' title='bbox 1814 1616 1879 1662; x_wconf 84' lang='lat'>21</span> <span class='ocrx_word' id='word_1_155' title='bbox 1979 1654 1982 1658; x_wconf 89' lang='lat'>.</span> 
     </span>
     <span class='ocr_line' id='line_1_22' title="bbox 195 1682 1966 1749; baseline 0 -14"><span class='ocrx_word' id='word_1_156' title='bbox 195 1683 383 1735; x_wconf 74' lang='lat' dir='ltr'>‘Venus</span> <span class='ocrx_word' id='word_1_157' title='bbox 434 1682 666 1749; x_wconf 82' lang='lat' dir='ltr'>famula&#39;3</span> <span class='ocrx_word' id='word_1_158' title='bbox 725 1687 910 1736; x_wconf 88' lang='lat' dir='ltr'>Lucan.</span> <span class='ocrx_word' id='word_1_159' title='bbox 957 1688 1030 1736; x_wconf 93' lang='lat' dir='ltr'>IV</span> <span class='ocrx_word' id='word_1_160' title='bbox 1078 1691 1182 1737; x_wconf 84' lang='lat'>207</span> <span class='ocrx_word' id='word_1_161' title='bbox 1235 1684 1459 1737; x_wconf 79' lang='lat' dir='ltr'>‘dextrae</span> <span class='ocrx_word' id='word_1_162' title='bbox 1514 1682 1767 1736; x_wconf 84' lang='lat' dir='ltr'>famulae’.</span> <span class='ocrx_word' id='word_1_163' title='bbox 1819 1713 1883 1720; x_wconf 82' lang='grc'><strong>-</strong></span> <span class='ocrx_word' id='word_1_164' title='bbox 1964 1686 1966 1689; x_wconf 72' lang='grc'>’</span> 
     </span>
    </p>
   </div>
   <div class='ocr_carea' id='block_1_4' title="bbox 193 1754 1891 2923">
    <p class='ocr_par' dir='ltr' id='par_1_9' title="bbox 193 1754 1891 1958">
     <span class='ocr_line' id='line_1_23' title="bbox 193 1754 1890 1824; baseline -0.001 -15"><span class='ocrx_word' id='word_1_165' title='bbox 193 1762 275 1809; x_wconf 89' lang='lat' dir='ltr'>hic</span> <span class='ocrx_word' id='word_1_166' title='bbox 328 1775 523 1824; x_wconf 91' lang='lat' dir='ltr'>quoque</span> <span class='ocrx_word' id='word_1_167' title='bbox 577 1761 812 1809; x_wconf 88' lang='lat' dir='ltr'>mendum</span> <span class='ocrx_word' id='word_1_168' title='bbox 865 1762 1098 1823; x_wconf 88' lang='lat' dir='ltr'>prouenit</span> <span class='ocrx_word' id='word_1_169' title='bbox 1153 1778 1212 1809; x_wconf 85' lang='lat' dir='ltr'>ex</span> <span class='ocrx_word' id='word_1_170' title='bbox 1264 1763 1550 1810; x_wconf 86' lang='lat' dir='ltr'>litterarum</span> <span class='ocrx_word' id='word_1_171' title='bbox 1606 1756 1660 1809; x_wconf 76' lang='lat' dir='ltr'>‘i&#39;</span> <span class='ocrx_word' id='word_1_172' title='bbox 1716 1764 1767 1809; x_wconf 90' lang='lat' dir='ltr'>et</span> <span class='ocrx_word' id='word_1_173' title='bbox 1821 1754 1890 1808; x_wconf 76' lang='lat' dir='ltr'>‘a’</span> 
     </span>
     <span class='ocr_line' id='line_1_24' title="bbox 195 1828 1891 1895; baseline -0.001 -12"><span class='ocrx_word' id='word_1_174' title='bbox 195 1835 503 1895; x_wconf 69' lang='lat' dir='ltr'>confusione:</span> <span class='ocrx_word' id='word_1_175' title='bbox 560 1835 812 1883; x_wconf 83' lang='lat' dir='ltr'>simillime</span> <span class='ocrx_word' id='word_1_176' title='bbox 878 1852 925 1882; x_wconf 94' lang='lat' dir='ltr'>u.</span> <span class='ocrx_word' id='word_1_177' title='bbox 983 1837 1085 1884; x_wconf 88' lang='grc'><strong>619</strong></span> <span class='ocrx_word' id='word_1_178' title='bbox 1145 1851 1203 1883; x_wconf 87' lang='lat' dir='ltr'>ex</span> <span class='ocrx_word' id='word_1_179' title='bbox 1258 1830 1426 1884; x_wconf 76' lang='lat' dir='ltr'>‘ictus&#39;</span> <span class='ocrx_word' id='word_1_180' title='bbox 1487 1836 1540 1883; x_wconf 89' lang='lat' dir='ltr'>in</span> <span class='ocrx_word' id='word_1_181' title='bbox 1595 1835 1639 1882; x_wconf 93' lang='lat' dir='ltr'><strong>V</strong></span> <span class='ocrx_word' id='word_1_182' title='bbox 1695 1828 1891 1894; x_wconf 78' lang='lat' dir='ltr'>‘actus&#39;,</span> 
     </span>
     <span class='ocr_line' id='line_1_25' title="bbox 195 1903 1154 1958; baseline 0.003 -3"><span class='ocrx_word' id='word_1_183' title='bbox 195 1908 373 1956; x_wconf 85' lang='lat' dir='ltr'>deinde</span> <span class='ocrx_word' id='word_1_184' title='bbox 411 1908 464 1955; x_wconf 88' lang='lat' dir='ltr'>in</span> <span class='ocrx_word' id='word_1_185' title='bbox 504 1908 543 1955; x_wconf 92' lang='lat' dir='ltr'><strong>P</strong></span> <span class='ocrx_word' id='word_1_186' title='bbox 585 1903 793 1957; x_wconf 73' lang='lat' dir='ltr'>‘arctus&#39;</span> <span class='ocrx_word' id='word_1_187' title='bbox 833 1909 1023 1957; x_wconf 90' lang='lat' dir='ltr'>factum</span> <span class='ocrx_word' id='word_1_188' title='bbox 1062 1912 1154 1958; x_wconf 89' lang='lat' dir='ltr'>est.</span> 
     </span>
    </p>

    <p class='ocr_par' dir='ltr' id='par_1_10' title="bbox 197 1981 1888 2117">
     <span class='ocr_line' id='line_1_26' title="bbox 348 1981 1888 2045; baseline 0 -16"><span class='ocrx_word' id='word_1_189' title='bbox 348 1983 451 2030; x_wconf 86' lang='lat'>753</span> <span class='ocrx_word' id='word_1_190' title='bbox 499 1983 642 2041; x_wconf 80' lang='lat' dir='ltr'>furor</span> <span class='ocrx_word' id='word_1_191' title='bbox 697 1982 894 2044; x_wconf 87' lang='lat' dir='ltr'>scripsi:</span> <span class='ocrx_word' id='word_1_192' title='bbox 953 1984 1124 2043; x_wconf 60' lang='lat' dir='ltr'>fragor</span> <span class='ocrx_word' id='word_1_193' title='bbox 1177 1983 1238 2045; x_wconf 87' lang='lat' dir='ltr'>V,</span> <span class='ocrx_word' id='word_1_194' title='bbox 1293 1983 1424 2044; x_wconf 89' lang='lat' dir='ltr'>quod</span> <span class='ocrx_word' id='word_1_195' title='bbox 1470 1998 1626 2045; x_wconf 89' lang='lat' dir='ltr'>praue</span> <span class='ocrx_word' id='word_1_196' title='bbox 1681 1985 1731 2030; x_wconf 90' lang='lat' dir='ltr'>et</span> <span class='ocrx_word' id='word_1_197' title='bbox 1782 1981 1888 2030; x_wconf 89' lang='lat' dir='ltr'>sine</span> 
     </span>
     <span class='ocr_line' id='line_1_27' title="bbox 197 2049 1348 2117; baseline 0.002 -15"><span class='ocrx_word' id='word_1_198' title='bbox 197 2056 423 2116; x_wconf 86' lang='lat' dir='ltr'>exemplo</span> <span class='ocrx_word' id='word_1_199' title='bbox 463 2071 555 2116; x_wconf 93' lang='lat' dir='ltr'>pro</span> <span class='ocrx_word' id='word_1_200' title='bbox 596 2049 768 2102; x_wconf 75' lang='lat' dir='ltr'>‘fama&#39;</span> <span class='ocrx_word' id='word_1_201' title='bbox 808 2057 1030 2117; x_wconf 91' lang='lat' dir='ltr'>positum</span> <span class='ocrx_word' id='word_1_202' title='bbox 1069 2059 1348 2104; x_wconf 72' lang='lat' dir='ltr'>autumant.</span> 
     </span>
    </p>

    <p class='ocr_par' dir='ltr' id='par_1_11' title="bbox 347 2123 1733 2191">
     <span class='ocr_line' id='line_1_28' title="bbox 347 2123 1733 2191; baseline -0.001 -14"><span class='ocrx_word' id='word_1_203' title='bbox 347 2129 451 2177; x_wconf 86' lang='lat'>755</span> <span class='ocrx_word' id='word_1_204' title='bbox 494 2123 804 2190; x_wconf 71' lang='lat' dir='ltr'>‘uestemque</span> <span class='ocrx_word' id='word_1_205' title='bbox 841 2145 1098 2191; x_wconf 89' lang='lat' dir='ltr'>penusque</span> <span class='ocrx_word' id='word_1_206' title='bbox 1139 2124 1390 2178; x_wconf 88' lang='lat' dir='ltr'>sacerdos&#39;</span> <span class='ocrx_word' id='word_1_207' title='bbox 1429 2129 1733 2191; x_wconf 87' lang='lat' dir='ltr'>Maduigius.</span> 
     </span>
    </p>

    <p class='ocr_par' dir='ltr' id='par_1_12' title="bbox 197 2198 1887 2397">
     <span class='ocr_line' id='line_1_29' title="bbox 349 2198 1881 2264; baseline 0.001 -15"><span class='ocrx_word' id='word_1_208' title='bbox 349 2202 452 2249; x_wconf 87' lang='grc'>757</span> <span class='ocrx_word' id='word_1_209' title='bbox 494 2204 635 2261; x_wconf 77' lang='lat' dir='ltr'>quasi</span> <span class='ocrx_word' id='word_1_210' title='bbox 660 2202 858 2264; x_wconf 90' lang='lat' dir='ltr'>scripsi:</span> <span class='ocrx_word' id='word_1_211' title='bbox 883 2218 1029 2262; x_wconf 77' lang='lat' dir='ltr'>quam</span> <span class='ocrx_word' id='word_1_212' title='bbox 1053 2203 1114 2253; x_wconf 92' lang='lat' dir='ltr'>V.</span> <span class='ocrx_word' id='word_1_213' title='bbox 1162 2198 1290 2250; x_wconf 77' lang='lat' dir='ltr'>‘ceu&#39;</span> <span class='ocrx_word' id='word_1_214' title='bbox 1315 2203 1647 2251; x_wconf 85' lang='lat' dir='ltr'>Burmannus.</span> <span class='ocrx_word' id='word_1_215' title='bbox 1696 2201 1881 2263; x_wconf 86' lang='lat' dir='ltr'>saepis-</span> 
     </span>
     <span class='ocr_line' id='line_1_30' title="bbox 197 2269 1887 2337; baseline 0.001 -15"><span class='ocrx_word' id='word_1_216' title='bbox 197 2276 321 2323; x_wconf 91' lang='lat' dir='ltr'>sime</span> <span class='ocrx_word' id='word_1_217' title='bbox 370 2269 559 2337; x_wconf 69' lang='lat' dir='ltr'>‘quam&#39;</span> <span class='ocrx_word' id='word_1_218' title='bbox 608 2278 659 2323; x_wconf 91' lang='lat' dir='ltr'>et</span> <span class='ocrx_word' id='word_1_219' title='bbox 706 2270 887 2337; x_wconf 69' lang='lat' dir='ltr'>‘quasi&#39;</span> <span class='ocrx_word' id='word_1_220' title='bbox 941 2277 994 2323; x_wconf 93' lang='lat' dir='ltr'>in</span> <span class='ocrx_word' id='word_1_221' title='bbox 1041 2276 1179 2324; x_wconf 88' lang='lat' dir='ltr'>codd.</span> <span class='ocrx_word' id='word_1_222' title='bbox 1234 2277 1454 2325; x_wconf 78' lang='lat' dir='ltr'>confusa.</span> <span class='ocrx_word' id='word_1_223' title='bbox 1510 2303 1580 2309; x_wconf 90' lang='lat'>—-</span> <span class='ocrx_word' id='word_1_224' title='bbox 1635 2279 1887 2324; x_wconf 67' lang='lat' dir='ltr'>cunctatum</span> 
     </span>
     <span class='ocr_line' id='line_1_31' title="bbox 198 2348 755 2397; baseline 0.002 -2"><span class='ocrx_word' id='word_1_225' title='bbox 198 2348 367 2396; x_wconf 84' lang='lat' dir='ltr'>Thilo:</span> <span class='ocrx_word' id='word_1_226' title='bbox 409 2352 658 2397; x_wconf 76' lang='lat' dir='ltr'>cunctatus</span> <span class='ocrx_word' id='word_1_227' title='bbox 695 2349 755 2396; x_wconf 89' lang='lat' dir='ltr'>V.</span> 
     </span>
    </p>

    <p class='ocr_par' dir='ltr' id='par_1_13' title="bbox 200 2421 1885 2558">
     <span class='ocr_line' id='line_1_32' title="bbox 350 2421 1885 2483; baseline 0.001 -15"><span class='ocrx_word' id='word_1_228' title='bbox 350 2423 453 2469; x_wconf 82' lang='lat'>758</span> <span class='ocrx_word' id='word_1_229' title='bbox 500 2424 766 2481; x_wconf 73' lang='lat' dir='ltr'>rictumque</span> <span class='ocrx_word' id='word_1_230' title='bbox 799 2437 990 2482; x_wconf 55' lang='lat' dir='ltr'>plemeus</span> <span class='ocrx_word' id='word_1_231' title='bbox 1030 2421 1327 2470; x_wconf 87' lang='lat' dir='ltr'>Columbus:</span> <span class='ocrx_word' id='word_1_232' title='bbox 1379 2424 1594 2482; x_wconf 75' lang='lat' dir='ltr'>rictuque</span> <span class='ocrx_word' id='word_1_233' title='bbox 1636 2437 1787 2483; x_wconf 76' lang='lat' dir='ltr'>yeuas</span> <span class='ocrx_word' id='word_1_234' title='bbox 1825 2421 1885 2483; x_wconf 86' lang='lat' dir='ltr'>V,</span> 
     </span>
     <span class='ocr_line' id='line_1_33' title="bbox 200 2494 1437 2558; baseline 0.002 -16"><span class='ocrx_word' id='word_1_235' title='bbox 200 2494 334 2556; x_wconf 90' lang='lat' dir='ltr'>quod</span> <span class='ocrx_word' id='word_1_236' title='bbox 371 2495 501 2542; x_wconf 89' lang='lat' dir='ltr'>male</span> <span class='ocrx_word' id='word_1_237' title='bbox 543 2494 766 2543; x_wconf 88' lang='lat' dir='ltr'>defendit</span> <span class='ocrx_word' id='word_1_238' title='bbox 806 2496 950 2543; x_wconf 86' lang='lat' dir='ltr'>Thilo</span> <span class='ocrx_word' id='word_1_239' title='bbox 988 2496 1180 2558; x_wconf 86' lang='lat' dir='ltr'>proleg.</span> <span class='ocrx_word' id='word_1_240' title='bbox 1219 2513 1267 2557; x_wconf 87' lang='lat' dir='ltr'>p.</span> <span class='ocrx_word' id='word_1_241' title='bbox 1306 2496 1437 2544; x_wconf 89' lang='lat' dir='ltr'>XIX.</span> 
     </span>
    </p>

    <p class='ocr_par' dir='ltr' id='par_1_14' title="bbox 349 2563 1887 2631">
     <span class='ocr_line' id='line_1_34' title="bbox 349 2563 1887 2631; baseline -0.001 -14"><span class='ocrx_word' id='word_1_242' title='bbox 349 2569 453 2617; x_wconf 83' lang='lat'>768</span> <span class='ocrx_word' id='word_1_243' title='bbox 472 2610 476 2614; x_wconf 18' lang='grc' dir='ltr'><strong>Α</strong></span> <span class='ocrx_word' id='word_1_244' title='bbox 495 2583 616 2628; x_wconf 78' lang='lat' dir='ltr'>quae</span> <span class='ocrx_word' id='word_1_245' title='bbox 652 2570 761 2628; x_wconf 77' lang='lat' dir='ltr'>fata</span> <span class='ocrx_word' id='word_1_246' title='bbox 798 2569 941 2617; x_wconf 89' lang='lat' dir='ltr'>Pius:</span> <span class='ocrx_word' id='word_1_247' title='bbox 982 2584 1072 2628; x_wconf 81' lang='lat' dir='ltr'>quo</span> <span class='ocrx_word' id='word_1_248' title='bbox 1110 2570 1218 2629; x_wconf 72' lang='lat' dir='ltr'>fata</span> <span class='ocrx_word' id='word_1_249' title='bbox 1241 2569 1288 2615; x_wconf 95' lang='lat' dir='ltr'><strong>V</strong></span> <span class='ocrx_word' id='word_1_250' title='bbox 1312 2585 1370 2616; x_wconf 80' lang='lat' dir='ltr'>ex</span> <span class='ocrx_word' id='word_1_251' title='bbox 1407 2570 1574 2631; x_wconf 89' lang='lat' dir='ltr'>priore</span> <span class='ocrx_word' id='word_1_252' title='bbox 1614 2563 1729 2630; x_wconf 71' lang='lat' dir='ltr'>‘quo</span> <span class='ocrx_word' id='word_1_253' title='bbox 1754 2563 1887 2616; x_wconf 88' lang='lat' dir='ltr'>fine&#39;.</span> 
     </span>
    </p>

    <p class='ocr_par' dir='ltr' id='par_1_15' title="bbox 197 2642 1889 2923">
     <span class='ocr_line' id='line_1_35' title="bbox 346 2642 1889 2705; baseline 0.001 -17"><span class='ocrx_word' id='word_1_254' title='bbox 346 2642 422 2689; x_wconf 90' lang='lat' dir='ltr'>De</span> <span class='ocrx_word' id='word_1_255' title='bbox 461 2642 694 2690; x_wconf 88' lang='lat' dir='ltr'>uersibus</span> <span class='ocrx_word' id='word_1_256' title='bbox 737 2644 1026 2690; x_wconf 82' lang='lat'>779—784</span> <span class='ocrx_word' id='word_1_257' title='bbox 1062 2658 1210 2704; x_wconf 89' lang='lat' dir='ltr'>saepe</span> <span class='ocrx_word' id='word_1_258' title='bbox 1248 2643 1370 2690; x_wconf 87' lang='lat' dir='ltr'>mihi</span> <span class='ocrx_word' id='word_1_259' title='bbox 1409 2642 1654 2705; x_wconf 83' lang='lat' dir='ltr'>cogitanti</span> <span class='ocrx_word' id='word_1_260' title='bbox 1693 2657 1889 2704; x_wconf 89' lang='lat' dir='ltr'>semper</span> 
     </span>
     <span class='ocr_line' id='line_1_36' title="bbox 197 2715 1886 2773; baseline 0 -11"><span class='ocrx_word' id='word_1_261' title='bbox 197 2716 511 2763; x_wconf 88' lang='lat' dir='ltr'>tutissimum</span> <span class='ocrx_word' id='word_1_262' title='bbox 556 2717 634 2762; x_wconf 88' lang='lat' dir='ltr'>est</span> <span class='ocrx_word' id='word_1_263' title='bbox 678 2716 846 2763; x_wconf 90' lang='lat' dir='ltr'>uisum</span> <span class='ocrx_word' id='word_1_264' title='bbox 890 2715 1053 2773; x_wconf 86' lang='lat' dir='ltr'>redire</span> <span class='ocrx_word' id='word_1_265' title='bbox 1101 2717 1164 2763; x_wconf 89' lang='lat' dir='ltr'>ad</span> <span class='ocrx_word' id='word_1_266' title='bbox 1204 2716 1429 2764; x_wconf 75' lang='lat' dir='ltr'>&#39;Philonis</span> <span class='ocrx_word' id='word_1_267' title='bbox 1477 2716 1777 2764; x_wconf 82' lang='lat' dir='ltr'>sententiam</span> <span class='ocrx_word' id='word_1_268' title='bbox 1823 2715 1886 2763; x_wconf 85' lang='lat' dir='ltr'>ab</span> 
     </span>
     <span class='ocr_line' id='line_1_37' title="bbox 198 2788 1885 2852; baseline 0.001 -17"><span class='ocrx_word' id='word_1_269' title='bbox 198 2788 307 2849; x_wconf 92' lang='lat' dir='ltr'>ipso</span> <span class='ocrx_word' id='word_1_270' title='bbox 362 2791 540 2849; x_wconf 90' lang='lat' dir='ltr'>postea</span> <span class='ocrx_word' id='word_1_271' title='bbox 592 2789 748 2836; x_wconf 90' lang='lat' dir='ltr'>nimia</span> <span class='ocrx_word' id='word_1_272' title='bbox 808 2789 1022 2851; x_wconf 87' lang='lat' dir='ltr'>quadam</span> <span class='ocrx_word' id='word_1_273' title='bbox 1067 2790 1340 2837; x_wconf 85' lang='lat' dir='ltr'>timiditate</span> <span class='ocrx_word' id='word_1_274' title='bbox 1392 2791 1613 2851; x_wconf 88' lang='lat' dir='ltr'>spretam</span> <span class='ocrx_word' id='word_1_275' title='bbox 1659 2805 1758 2852; x_wconf 91' lang='lat' dir='ltr'>qua</span> <span class='ocrx_word' id='word_1_276' title='bbox 1803 2804 1885 2836; x_wconf 80' lang='lat' dir='ltr'>uu,</span> 
     </span>
     <span class='ocr_line' id='line_1_38' title="bbox 204 2862 1887 2923; baseline 0 -14"><span class='ocrx_word' id='word_1_277' title='bbox 204 2863 305 2909; x_wconf 85' lang='lat'>779</span> <span class='ocrx_word' id='word_1_278' title='bbox 372 2878 441 2922; x_wconf 85' lang='lat' dir='ltr'>sq.</span> <span class='ocrx_word' id='word_1_279' title='bbox 502 2862 704 2910; x_wconf 91' lang='lat' dir='ltr'>Valerio</span> <span class='ocrx_word' id='word_1_280' title='bbox 767 2862 1087 2923; x_wconf 81' lang='lat' dir='ltr'>abiudicauit,</span> <span class='ocrx_word' id='word_1_281' title='bbox 1153 2865 1251 2911; x_wconf 84' lang='grc'>781</span> <span class='ocrx_word' id='word_1_282' title='bbox 1273 2864 1458 2911; x_wconf 85' lang='grc'><strong>-784</strong></span> <span class='ocrx_word' id='word_1_283' title='bbox 1518 2863 1718 2911; x_wconf 89' lang='lat' dir='ltr'>traiecit</span> <span class='ocrx_word' id='word_1_284' title='bbox 1769 2864 1887 2923; x_wconf 89' lang='lat' dir='ltr'>post</span> 
     </span>
    </p>
   </div>
  </div>
 </body>
</html>
