2020 3120
255 142 321 195 18
825 142 872 187 C.
904 142 1132 188 VALERI
1162 143 1377 190 FLACCI

250 268 432 333 puppis
471 268 523 316 in
563 266 779 316 oblicum
818 281 1026 316 resonos
1065 266 1192 317 latus
1233 269 1411 332 accipit
1449 269 1594 335 ictuS,

250 340 361 390 uela
403 355 554 406 super
594 341 865 390 tremulum
897 339 1093 390 subitus
1132 341 1390 400 uolitantia
1427 341 1611 391 malum
1865 353 1953 394 620

253 413 402 464 turbo
443 416 585 480 rapit.
664 416 750 479 qui
789 421 896 464 tum
934 413 1112 480 Minyis
1154 415 1516 479 trepidantibus
1555 415 1750 483 horror,

252 504 366 537 cum
404 490 534 553 picei
573 488 760 538 fulsere
799 488 902 554 poli
940 488 1270 553 pauidamque
1311 504 1546 549 coruscae
1621 500 1648 532 Μ
1676 495 1787 540 *εν-

254 568 366 611 ante
406 568 569 611 ratem
608 562 832 611 cecidere
874 562 1030 629 faceS,
1071 548 1580 629 antemnaquislaeuo
1620 565 1785 627 zia-510
1798 585 1848 609 vx

251 651 409 701 prona
449 635 789 686 dehiscentem
829 651 985 685 cornu
1026 652 1140 686 cum
1180 636 1382 686 sustulit
1423 635 1624 686 undam!

252 725 352 759 non
392 709 608 759 hiemem
647 712 925 775 missosque
966 717 1144 775 putant
1183 726 1485 776 consurgere
1526 717 1704 760 uentos
1863 721 1949 761 625

252 785 433 851 ignari,
474 784 562 833 sed
601 783 696 833 tale
737 784 935 850 fretum.
1013 790 1121 833 tum
1160 799 1417 834 murmure
1458 791 1647 835 maesto

254 854 366 906 ‘hoc
408 864 515 907 erat
552 857 764 907 inlicitas
805 865 1050 907 temerare
1091 858 1388 908 rudentibus
1427 859 1585 908 undas
1678 853 1796 919 {ufislx
1838 869 1870 894 «ἱ
1933 870 1961 886 “’

254 931 387 996 quod
427 933 585 981 nostri
627 934 835 981 timuere
876 939 1058 996 patres,
1135 934 1220 981 uix
1259 932 1404 982 litore
1444 948 1662 998 puppem

253 1005 517 1072 soluimUS,
558 1012 607 1054 et
648 1013 832 1069 quanto
873 1006 1077 1055 fremitu
1118 1022 1170 1055 se
1212 1006 1414 1055 sustulit
1452 1006 1642 1071 Aegon!

252 1079 429 1128 hocine
472 1078 692 1164 Cyaneae
734 1086 1043 1128 concuirunt
1082 1095 1297 1145 aequore
1338 1077 1544 1129 cautes?
1864 1090 1950 1130 630

252 1154 448 1202 tristius
488 1169 550 1202 an
589 1155 785 1202 miseris
826 1160 1056 1218 superest
1094 1150 1266 1203 mare?
1305 1153 1537 1220 linquite,
1576 1159 1756 1220 terrae,

255 1242 395 1292 spem
433 1226 594 1292 pelagi
634 1243 902 1312 sacrosque
942 1230 1127 1277 iterum
1167 1229 1390 1293 seponite
1431 1194 1648 1279 fluctus?
1717 1252 1760 1294 μ
1779 1238 1812 1285 f,
1837 1254 1894 1293 az«,
1917 1230 1950 1295 ᾗ,

254 1300 376 1349 haec
416 1301 600 1350 iterant
639 1303 778 1366 segni
817 1301 994 1350 flentes
1034 1301 1331 1351 occumbere
1371 1301 1485 1351 leto,

254 1376 595 1439 magnanimus
636 1381 826 1439 spectat
864 1375 1122 1440 pharetras
1163 1382 1212 1424 et
1251 1375 1424 1425 inutile
1465 1375 1619 1425 robur

255 1448 740 1514 Amphitryoniades3
780 1451 991 1498 miscent
1032 1465 1263 1514 suprema
1301 1456 1542 1515 pauentes
1865 1459 1951 1500 635

256 1522 409 1572 uerba
449 1522 529 1571 alii
567 1524 878 1607 ἰυηςιιηῐεῐχθ
919 1539 1094 1579 manus
1135 1523 1294 1588 adque
1335 1539 1421 1572 ora
1461 1524 1665 1588 fatigant

256 1602 459 1661 aspectu
498 1598 550 1645 in
590 1611 772 1646 misero
812 1562 966 1664 usshs,
1007 1613 1122 1647 cum
1160 1599 1389 1662 protinus
1429 1597 1572 1648 alnus

258 1669 470 1719 soluitur
510 1676 560 1719 et
598 1677 740 1719 uasto
780 1673 961 1736 puppis
1000 1687 1135 1720 mare
1178 1671 1347 1722 sorbet
1386 1671 1536 1721 hiatu.

256 1743 388 1793 illam
426 1743 524 1793 huc
566 1751 712 1808 atque
753 1744 870 1793 illuc
910 1760 1043 1793 nunc
1083 1751 1324 1810 torquens
1364 1745 1599 1794 uerberat
1638 1743 1818 1794 Eurus,

258 1833 391 1866 nunc
432 1818 648 1867 stridens
674 1817 910 1883 Zephyris
952 1819 1114 1868 aufert
1137 1818 1317 1884 Notus3
1356 1819 1580 1884 undique
1620 1819 1819 1868 seruent
1864 1828 1952 1868 640

259 1907 495 1958 aequora,
537 1907 651 1941 cum
692 1891 886 1941 subitus
926 1892 1089 1942 trifida
1129 1892 1390 1958 Neptunus
1428 1895 1480 1942 in
1511 1893 1652 1942 hasta

260 1965 544 2014 caeruleum
585 1966 736 2014 fundo
778 1973 925 2030 caput
966 1967 1153 2015 extulit.
1233 1963 1376 2015 ‘hanc
1416 1967 1537 2015 mihi
1575 1966 1734 2015 Pallas

260 2045 309 2087 et
350 2054 492 2087 soror
531 2035 677 2087 hanc'
717 2041 880 2103 inquit
921 2036 1164 2089 ‘mulcens
1204 2055 1311 2088 mea
1348 2047 1567 2105 pectora¹
1591 2040 1711 2089 fletu

260 2112 577 2179 abstulerint3
617 2115 820 2162 ueniant
859 2113 1064 2162 Phariae
1105 2114 1380 2178 Tyriaeque
1421 2116 1614 2163 carinae

262 2188 660 2252 permissumque
700 2193 892 2252 putent.
971 2189 1200 2252 quotiens
1239 2203 1353 2237 mox
1393 2194 1532 2253 rapta
1572 2186 1753 2238 uidebo
1868 2197 1954 2237 645

259 2260 370 2309 uela
408 2262 540 2314 notis
579 2260 848 2326 plenasque
889 2261 1029 2310 malis
1069 2262 1367 2311 clamoribus
1407 2261 1584 2312 undas!

260 2349 360 2382 non
399 2349 540 2383 meus
581 2333 732 2383 Orion
774 2342 857 2384 aut
897 2351 1075 2384 saeuus
1115 2335 1280 2384 Pliade
1322 2335 1515 2385 Taurus

260 2409 436 2456 mortis
477 2422 624 2457 causa
663 2423 836 2457 nouae.
914 2410 1110 2457 miseris
1149 2415 1204 2457 tu
1244 2409 1497 2475 gentibuS‚
1537 2409 1682 2475 Argo,

261 2482 358 2529 fata
396 2496 563 2547 paras,
603 2496 696 2530 nec
735 2483 831 2530 iam
870 2483 1050 2530 merito
1090 2481 1202 2548 tibi7
1243 2476 1422 2549 Tiphy⁷
1464 2484 1689 2547 quietum

259 2554 358 2603 ulla
396 2570 576 2619 parens
617 2554 752 2604 uolet
790 2555 1009 2620 Elysium
1049 2571 1318 2620 manesque
1358 2551 1591 2621 piorum.⁹
1868 2565 1957 2606 650

239 2623 381 2677 ‘haec
423 2631 491 2677 ait
532 2634 580 2677 et
619 2635 828 2693 pontum
866 2635 1008 2694 pater
1048 2645 1103 2678 ac
1143 2629 1340 2679 turbata
1379 2631 1578 2694 reponit

259 2702 405 2750 litora
445 2702 745 2767 depellitque
785 2710 952 2771 notoS,
994 2719 1118 2768 quos
1159 2703 1387 2752 caerulus
1426 2703 1606 2753 horror

263 2782 312 2824 et
350 2775 544 2825 madido
585 2779 751 2841 grauis
790 2777 922 2828 unda
962 2779 1074 2826 sinu
1113 2777 1355 2842 longeque
1398 2784 1600 2827 secutus

260 2848 421 2897 imber
461 2850 519 2898 ad
559 2850 754 2899 Aeoliae
795 2851 1005 2900 tendunt
1045 2851 1190 2900 simul
1231 2866 1445 2915 aequora
1483 2858 1671 2917 portae.

260 2924 466 2973 emicuit
503 2931 721 2992 reserata
762 2925 867 2974 dies
907 2924 1196 2990 caelumque
1236 2925 1443 2974 resoluit
1868 2933 1955 2973 655

515 3024 576 3068 ’θ’
595 3013 644 3065 ’ξῆν
662 3018 704 3081 ,ἦε
720 3022 753 3074 ζ
