1982 3120
572 925 931 995 EDITORIS
979 920 1432 991 PRAEFATIO.

308 1185 357 1234 C.
390 1184 614 1233 Valerius
653 1182 859 1232 Flaccus
899 1197 1019 1231 num
1059 1188 1272 1229 mortem
1311 1178 1484 1227 obiens
1525 1177 1854 1242 Argonautica

157 1259 218 1307 ad
264 1259 413 1308 finem
457 1259 699 1323 perducta
742 1259 839 1306 iam
880 1255 1090 1305 ediderit
1137 1270 1198 1303 an
1237 1252 1528 1318 imperfecta
1577 1251 1853 1317 reliquerit,

158 1333 370 1382 multum
414 1335 547 1381 inter
592 1333 731 1381 uiros
771 1331 944 1380 doctos
992 1329 1322 1393 disceptatum
1371 1333 1460 1376 est.
1546 1341 1642 1390 qua
1689 1326 1749 1374 de
1797 1340 1852 1373 re

159 1409 345 1456 certius
392 1406 631 1455 iudicium
685 1405 818 1454 ferre
872 1403 1062 1469 licebit,
1118 1405 1160 1451 si
1207 1416 1355 1466 quem
1408 1403 1461 1449 in
1509 1415 1694 1448 annum
1749 1399 1854 1447 dies

159 1480 294 1530 illius
334 1495 598 1545 supremus
639 1478 779 1529 cadat
816 1477 1075 1528 constabit.
1154 1492 1267 1525 cum
1314 1481 1480 1524 autem
1520 1473 1856 1532 Quintilianus

158 1557 209 1602 in
263 1555 633 1603 institutionum
683 1554 1034 1618 oratoriarum,
1089 1566 1211 1615 quas
1260 1551 1392 1598 circa
1438 1564 1478 1597 a.
1527 1546 1599 1597 90
1645 1564 1691 1612 p.
1741 1546 1854 1597 Chr.

159 1643 204 1676 11.
245 1629 496 1677 confectas
538 1642 646 1676 esse
685 1625 1010 1692 probabiliter
1049 1630 1354 1690 statuerunt,
1392 1622 1519 1671 libro
1560 1621 1604 1669 X
1646 1619 1719 1688 [1,
1758 1618 1853 1683 90]

157 1702 278 1751 haec
319 1701 524 1751 scribat:
565 1697 797 1750 ‘multum
836 1702 888 1749 in
927 1699 1120 1748 Valerio
1148 1697 1323 1747 Flacco
1363 1712 1525 1761 nuper
1565 1690 1855 1762 amisimus',

156 1775 273 1824 hinc
313 1775 576 1825 nonnullos
616 1781 730 1824 ante
771 1790 810 1823 a.
836 1772 908 1823 90
933 1788 1088 1822 annos
1129 1788 1154 1820 e
1194 1771 1358 1820 medio
1385 1772 1596 1819 cessisse
1623 1769 1855 1818 Flaccum

159 1848 419 1914 colligitur.
498 1851 583 1914 qui
624 1849 757 1914 quod
795 1848 910 1897 libri
951 1848 1114 1912 quarti
1153 1862 1200 1894 u.
1242 1842 1347 1895 507
1392 1860 1496 1909 sqq,
1539 1846 1691 1906 canit:

308 1925 437 1972 sicut
474 1925 706 1988 prorupti
743 1924 906 1972 tonuit
945 1936 1061 1970 cum
1100 1921 1228 1969 forte
1267 1919 1477 1967 Vesaeui

306 1996 574 2062 Hesperiae
613 1990 775 2046 letalis
813 2011 957 2062 apex,
996 1995 1199 2044 uixdum
1240 1996 1384 2058 ignea
1422 1999 1641 2041 montem

308 2072 453 2119 torsit
489 2070 669 2137 hiems,
708 2072 904 2134 iamque
945 2084 1058 2118 eoas
1098 2070 1222 2117 cinis
1261 2067 1422 2116 induit
1460 2066 1634 2132 urbeS,

159 2143 255 2194 hoc
300 2160 401 2193 non
446 2150 613 2208 potest
660 2159 760 2192 non
813 2145 1092 2208 pertinere,
1145 2148 1202 2190 ut
1251 2143 1349 2189 iam
1394 2139 1738 2189 Loehbachius
1790 2138 1856 2202 [11

158 2234 205 2282 p.
255 2216 311 2281 8]
361 2217 487 2266 bene
534 2217 685 2284 uidit,
740 2217 799 2266 ad
840 2218 1022 2266 montis
1072 2215 1277 2264 Vesuuii
1331 2215 1648 2278 eruptionem
1696 2229 1736 2263 a.
1788 2211 1856 2264 79

160 2292 351 2341 factam.
430 2293 594 2355 itaque
635 2306 737 2340 non
774 2290 987 2340 multum
1033 2305 1060 2338 a
1099 2305 1222 2338 uero
1264 2287 1496 2337 aberrare
1536 2286 1679 2337 nobis
1719 2288 1855 2337 uide-

160 2381 295 2431 mur,
335 2366 377 2413 si
416 2380 544 2413 anno
585 2365 690 2414 sere
732 2362 802 2414 85
826 2364 1006 2413 Valerii
1045 2370 1258 2412 mortem
1298 2362 1535 2411 accidisse
1578 2363 1856 2411 statuimus

159 2441 376 2504 primum
424 2445 590 2488 autem
630 2438 1079 2503 Argonauticorum
1126 2437 1309 2486 librum
1348 2437 1614 2485 recitatum
1665 2451 1775 2485 esse
1816 2451 1855 2483 a.

162 2511 231 2561 71
273 2528 363 2562 suo
402 2514 511 2562 iure
551 2514 650 2562 uiri
681 2512 814 2561 docti
854 2527 915 2562 ex
953 2513 1196 2577 prooemii
1244 2527 1292 2559 u,
1336 2508 1399 2558 11
1446 2525 1550 2574 sqq.
1602 2509 1856 2558 concluse-

162 2593 293 2635 runt.
369 2588 536 2651 itaque
576 2587 619 2635 si
658 2601 698 2635 a.
741 2582 811 2635 85
859 2586 990 2635 diem
1036 2585 1231 2634 fatalem
1278 2583 1485 2633 Flaccus
1533 2582 1674 2649 obiit,
1716 2585 1855 2648 quin-

164 2659 322 2708 decim
363 2660 468 2709 fere
508 2661 623 2709 anni
671 2659 731 2709 ad
781 2659 1075 2708 elaboranda
1114 2659 1446 2723 Argonautica
1486 2659 1532 2705 ei
1573 2658 1856 2722 suppetiue-

164 2739 295 2782 runt.
344 2732 542 2782 difficile
584 2733 784 2798 quidem
825 2739 901 2782 est
938 2735 990 2782 in
1028 2740 1164 2783 tanta
1197 2731 1505 2796 singulorum
1543 2733 1858 2795 ingeniorum

165 2806 479 2873 diuersitate,
534 2815 774 2871 quantum
828 2814 1001 2872 poetae
1059 2808 1187 2871 epici
1241 2806 1481 2870 temporis
1542 2806 1593 2853 in
1650 2805 1856 2870 singulis

163 2878 304 2928 libris
370 2881 723 2944 componendis
786 2882 1208 2946 consumpserint,
1273 2885 1409 2928 certo
1473 2879 1741 2945 affirmare,
1797 2893 1857 2927 ex

1436 2961 1497 3005 a*
