1982 3120
109 114 172 157 [V
776 109 1133 155 PRAEFATIO.

111 238 284 301 paucis
310 243 474 285 tamen
498 250 622 299 quae
647 234 744 284 11116
768 236 1021 299 pertinent
1046 234 1382 283 Romanorum
1405 233 1527 283 locis
1565 233 1660 282 hoc
1685 232 1805 281 mihi

112 311 242 359 effici
280 325 426 374 posse
468 308 690 375 uidetur,
736 324 892 357 unum
931 308 1036 356 fere
1077 323 1262 356 annum
1300 307 1359 357 ad
1397 321 1804 372 unumquemque

111 385 310 432 maioris
358 383 564 432 alicuius
623 383 855 431 carminis
904 383 1031 446 epici
1078 381 1262 430 librum
1308 380 1667 430 absoluendum
1714 383 1802 430 im-

110 472 323 522 pensum
364 472 486 505 esse.
535 472 647 505 nam
687 463 737 505 et
760 454 1004 520 Vergilius
1045 455 1278 503 undecim
1317 456 1458 504 annis
1497 456 1548 503 in
1588 454 1803 504 Aeneide

115 530 371 580 condenda
425 531 734 594 consumptis
788 529 1008 578 nondum
1063 535 1227 577 tamen
1282 527 1505 577 ultimam
1557 534 1613 577 ut
1668 530 1803 577 aiunt

111 619 312 653 manum
368 605 412 651 ei
468 603 719 652 addiderat
775 609 824 651 et
872 603 1058 652 Statius
1112 604 1164 650 in
1223 600 1500 650 Thebaidos
1555 602 1651 650 fine
1693 600 1807 664 [XII

113 675 244 740 811]
303 673 351 725 eo
407 676 526 725 mihi
574 672 821 725 bissenos'
870 678 936 725 ait
985 672 1213 725 ‘multum
1261 675 1460 739 uigilata
1513 690 1604 739 per
1651 690 1806 723 annos

113 747 334 800 Thebai'.
413 766 504 800 nec
558 752 702 814 parui
757 749 815 798 ad
869 750 995 798 hanc
1053 751 1392 813 quaestionem
1446 750 1684 797 momenti
1731 754 1807 798 est

111 825 251 874 locus
292 824 470 888 dialogi
510 823 714 890 Tacitei,
755 826 805 872 in
846 838 943 888 quo
986 822 1049 885 [c.
1091 821 1147 885 9]
1191 823 1251 871 de
1293 822 1453 871 Saleio
1493 821 1644 871 Basso
1684 822 1805 871 haec

112 897 320 963 legimus
362 894 451 963 eut,
493 914 606 947 cum
647 903 746 947 toto
784 912 932 957 amm,
973 912 1063 961 per
1103 891 1276 945 omnes
1317 896 1438 962 dies,
1477 911 1651 960 magna
1690 911 1804 945 noc-

111 973 236 1021 tium
275 978 436 1038 parte,
486 986 639 1021 unum
678 973 863 1020 librum
904 970 1103 1020 excudit
1150 976 1198 1019 et
1248 969 1583 1035 elucubrauit,
1629 984 1806 1034 rogare

113 1045 244 1094 ultro
302 1047 349 1094 et
397 1045 584 1094 ambire
636 1051 840 1109 cogatur
888 1051 944 1093 111
990 1046 1088 1092 51111
1143 1046 1229 1107 qui
1275 1043 1544 1108 dignentur
1599 1039 1806 1093 audire.'

112 1119 245 1168 hunc
293 1121 445 1183 igitur
492 1134 703 1184 morem,
759 1134 858 1183 quo
913 1132 1122 1182 poeseos
1178 1119 1345 1182 epicae
1395 1117 1604 1166 studiosi
1657 1118 1806 1166 unius

112 1194 228 1242 anni
283 1195 496 1258 spatium
545 1193 753 1257 singulis
799 1192 939 1241 libris
995 1190 1298 1240 excudendis
1337 1189 1710 1256 impendebant,
1765 1192 1807 1239 si

112 1264 335 1316 Valerius
386 1273 588 1316 secutus
637 1273 735 1332 est,
775 1273 888 1331 post
928 1282 970 1315 a.
1012 1262 1079 1314 79
1119 1264 1303 1314 librum
1344 1271 1577 1314 octauum
1616 1264 1803 1314 iamdu-

113 1339 233 1388 dum
271 1339 566 1390 absoluerat.
615 1341 692 1388 sin
732 1355 855 1389 uero
896 1354 978 1389 res
1018 1354 1177 1403 usque
1218 1339 1275 1387 ad
1318 1338 1431 1387 libri
1469 1337 1578 1387 VIII
1610 1354 1657 1387 11.
1683 1335 1806 1404 467,

113 1415 198 1478 qui
246 1430 378 1463 nunc
425 1416 578 1464 totius
627 1416 792 1479 operis
841 1420 918 1463 est
964 1412 1191 1478 ultimus,
1245 1418 1479 1462 tractatas
1527 1413 1807 1462 accuratius

112 1489 390 1552 inspexeris
445 1490 612 1552 itaque
681 1502 895 1553 quonam
950 1486 1095 1536 modo
1151 1493 1294 1551 poeta
1350 1492 1521 1536 noster
1574 1485 1807 1535 historias

114 1577 229 1611 suas
267 1568 529 1627 pertexere
570 1561 723 1611 soleat
764 1563 1082 1627 cognoueriS‚
1128 1567 1322 1610 tantum
1361 1561 1594 1611 materiae
1635 1575 1806 1624 super-

115 1650 223 1684 esse
263 1635 479 1701 uidebiS,
527 1635 667 1684 facile
716 1642 772 1684 111
820 1642 1053 1700 quattuor
1098 1634 1239 1683 libris
1278 1635 1485 1699 integris
1540 1634 1807 1684 suffecerit.

114 1724 275 1774 neque
339 1709 511 1759 dubito
574 1711 694 1773 quin
740 1707 945 1758 Flaccus
992 1708 1262 1773 Vergilium
1324 1707 1543 1772 aliosque
1606 1713 1807 1757 secutus

116 1782 511 1848 Argonautariun
552 1798 633 1832 res
658 1790 821 1847 gestas
861 1782 1124 1832 duodecim
1162 1781 1302 1831 libris
1343 1783 1595 1831 cecinerit.
1640 1783 1807 1847 itaque

115 1858 201 1920 qui
248 1873 289 1905 a.
333 1855 398 1906 71
441 1859 658 1922 primum
704 1856 888 1906 librum
928 1863 978 1906 et
1016 1855 1251 1921 deinceps
1292 1857 1468 1905 annuis
1506 1856 1806 1906 recitationi—

116 1930 210 1979 bus
257 1930 410 1979 libros
457 1933 780 1994 insequentes
830 1930 1160 1996 praelegerat,
1206 1932 1248 1979 is
1296 1930 1402 1979 fere
1448 1945 1489 1978 a.
1531 1927 1602 1980 82
1647 1935 1808 1979 totum

115 2019 241 2068 opus
287 2004 613 2069 persoluerat.
692 2004 823 2069 quod
872 2010 1072 2053 auctum
1120 2003 1558 2069 emendatumque,
1606 2009 1662 2053 ut
1699 2003 1807 2052 fieri

116 2076 325 2145 solebat,
374 2094 413 2127 a.
455 2076 525 2128 83
576 2077 658 2127 uel
708 2076 778 2127 84
819 2081 1055 2128 emissum
1101 2084 1245 2143 puto;
1294 2077 1426 2127 unde
1471 2079 1524 2126 in
1563 2076 1690 2126 libro
1730 2075 1807 2143 IV,

115 2153 201 2215 qui
255 2152 531 2202 secundum
584 2158 803 2201 nostram
868 2154 1286 2217 computationem
1341 2167 1381 2201 a.
1438 2148 1508 2199 74
1570 2152 1808 2200 recitatus

116 2231 212 2291 est,
268 2228 342 2274 rei
395 2226 550 2275 multo
606 2233 719 2290 post
772 2232 939 2290 gestae
1000 2226 1110 2274 fieri
1165 2227 1467 2275 mentionem
1521 2224 1806 2290 explicatur.

115 2301 212 2347 iam
252 2315 365 2348 cum
403 2302 571 2364 priore
611 2315 731 2348 cura
770 2299 969 2349 dimissa
1018 2314 1175 2348 nouae
1217 2299 1504 2363 cogitationi
1549 2303 1654 2346 toto
1692 2313 1805 2363 pec-

115 2378 223 2421 tore
272 2373 584 2440 incumberet
631 2372 876 2439 ValeriuS,
929 2379 1243 2437 praematura
1297 2378 1456 2420 morte
1511 2371 1691 2420 litteris
1732 2377 1808 2420 est

116 2452 332 2510 ereptus,
404 2447 536 2496 unde
576 2448 761 2512 optime
799 2446 1103 2511 intellegitur
1144 2445 1434 2504 Quintiliani
1471 2444 1660 2494 dictum
1698 2446 1806 2494 uni-

116 2535 229 2568 cum
270 2536 394 2584 opus
434 2522 685 2584 integrum
723 2536 750 2569 a
788 2527 933 2585 poeta
973 2520 1118 2569 docto
1159 2519 1389 2569 relictum
1429 2534 1540 2569 esse
1579 2518 1806 2568 dolentis,

263 2593 351 2642 His
391 2594 665 2642 rationibus
706 2593 903 2643 adducti
944 2609 1000 2642 ea
1047 2609 1172 2658 quae
1219 2600 1333 2658 post
1378 2592 1487 2641 VIII
1524 2590 1632 2642 467
1674 2607 1807 2640 1111116

116 2666 297 2715 desunt
335 2666 522 2716 librarii
561 2669 753 2716 incuria
791 2669 1000 2732 periisse
1034 2666 1295 2716 Heinsium
1334 2668 1493 2715 secuti
1532 2667 1806 2730 opinamur.

116 2739 232 2788 licet
257 2742 387 2789 enim
427 2743 785 2806 argumentatio
812 2747 981 2789 nostra
1019 2740 1338 2790 fundamento
1363 2741 1605 2789 innitatur
1644 2738 1807 2804 debili,

117 2813 322 2862 eandem
361 2821 525 2863 tamen
566 2821 670 2864 arte
713 2822 763 2863 et
799 2816 990 2863 ratione
1038 2829 1146 2863 esse
1187 2815 1464 2862 institutam
1503 2812 1644 2862 facile
1687 2812 1807 2862 mihi

117 2902 445 2936 concessuros
494 2887 686 2936 confido
734 2887 924 2937 iudices
971 2902 1169 2951 aequos,
1248 2893 1384 2935 certe
1431 2886 1642 2936 multum
1682 2885 1805 2934 mul-
