1982 3120
822 117 1190 162 PRAEFATIO.
1819 115 1862 158 V

166 257 373 312 tumque
420 246 501 295 illa
546 251 766 311 praestat
811 243 1090 292 sententiae
1140 255 1314 290 eorum
1363 241 1448 304 qui
1487 239 1735 288 Valerium
1774 239 1861 287 Ar-

167 323 427 387 gonautica
465 319 760 385 imperfecta
795 317 1059 382 reliquisse
1100 321 1319 364 censent.
1398 315 1542 362 cuius
1590 315 1664 362 rei
1702 327 1864 377 nuper

167 395 308 445 Thilo
358 396 565 458 eiusque
621 392 808 442 assecla
849 389 1173 440 Schenkelius
1227 387 1309 437 uel
1362 389 1415 436 in
1469 386 1677 452 singulis
1722 385 1863 435 libris

167 471 346 519 indicia
387 469 664 518 certissima
703 462 1089 531 deprehendisse
1132 461 1227 512 sibi
1266 467 1382 511 sunt
1421 463 1532 510 uisi.
1603 475 1716 509 nam
1754 460 1862 510 uhi-

166 558 379 608 cumque
430 543 535 590 fere
576 542 847 591 sententias
885 539 1102 603 hianteS‚
1141 551 1382 586 uersuum
1430 535 1656 584 ordinem
1696 534 1862 584 turba-

166 625 294 684 tum,
359 616 632 666 uerborum
695 613 868 664 sordes
931 610 1246 674 maculasque
1308 612 1635 675 inuenerunt,
1699 611 1864 658 statim

167 692 287 740 haec
345 691 403 739 ad
448 690 681 739 carminis
728 687 1020 752 imperfecte
1068 685 1234 734 relicti
1281 691 1331 733 et
1381 699 1407 732 a
1455 689 1631 748 poetae
1679 685 1864 732 mortui

167 767 324 814 amico
371 763 584 828 quodam
632 777 732 810 non
779 768 854 810 sat
901 759 1130 825 religiose
1180 758 1300 807 editi
1339 759 1573 806 miseram
1613 757 1859 805 condicio-

167 854 282 888 nem
322 838 529 887 artificio
570 851 703 885 nunc
744 835 966 885 adamato
991 832 1310 882 rettulerunt.
1367 831 1528 880 eidem
1551 837 1717 879 tamen
1758 830 1864 879 aliis

165 913 287 961 locis
341 911 568 977 plurimis
616 925 718 959 non
765 914 1040 974 potuerunt
1088 922 1187 956 non
1236 921 1505 970 agnoscere
1546 904 1865 953 librariorum

165 986 341 1035 malam
388 1000 603 1034 manum.
682 982 914 1048 equidem
965 983 1051 1046 qui
1097 980 1224 1029 bene
1277 979 1560 1044 intellegam
1607 994 1755 1043 quam
1802 981 1866 1026 sit

165 1059 474 1125 periculosae
528 1058 731 1123 plenum
786 1072 911 1124 opus
967 1056 1100 1105 aleae
1111 1095 1125 1121 7
1180 1056 1232 1103 in
1278 1062 1380 1104 tam
1428 1053 1682 1118 deplorato
1731 1054 1865 1101 unici

168 1150 265 1199 quo
304 1133 635 1198 Argonautica
674 1138 884 1180 aetatem
922 1130 1146 1180 tulerunt
1187 1129 1370 1178 codicis
1419 1134 1551 1176 statu
1592 1127 1863 1176 diiudicare

167 1223 292 1272 quae
339 1209 461 1256 uitia
500 1205 765 1271 archetypo
807 1221 834 1254 a
873 1210 1019 1270 poeta
1058 1203 1257 1269 relic-m,
1306 1218 1429 1266 quae
1471 1201 1726 1250 monachis
1767 1202 1866 1249 sint

165 1281 452 1347 tribuenda,
515 1279 637 1329 nihil
690 1282 846 1344 magis
903 1278 1182 1328 cauendum
1244 1276 1363 1326 duxi
1426 1290 1574 1340 quam
1634 1277 1863 1324 uirorum

165 1355 364 1405 illorum
405 1355 667 1404 doctorum
706 1355 923 1403 rationes
961 1351 1179 1402 lubricas
1219 1351 1532 1416 fallacesque,
1573 1365 1687 1399 cum
1725 1364 1864 1414 prae-

166 1432 339 1479 sertim
365 1444 446 1478 eas
471 1430 607 1477 omni
640 1443 667 1477 a
690 1434 831 1493 parte
857 1427 1142 1476 falsissimas
1169 1440 1278 1474 esse
1319 1439 1614 1490 persuasum
1645 1423 1866 1471 habeam.

317 1503 526 1568 Scripta'
553 1517 663 1551 esse
703 1500 1035 1567 Argonautica
1081 1505 1185 1549 tota
1233 1499 1292 1548 ad
1332 1497 1582 1563 exemplar
1623 1497 1868 1546 Aeneidos

171 1577 473 1642 Vergilianae
515 1582 688 1626 notum
729 1582 818 1625 est.
895 1582 995 1624 tam
1027 1574 1304 1639 prudenter
1344 1580 1511 1622 autem
1550 1573 1866 1636 scienterque

168 1650 389 1700 Valerius
446 1651 505 1699 ad
559 1650 708 1699 huius
748 1664 974 1698 normam
1029 1663 1175 1698 suum
1229 1661 1405 1713 poema
1444 1647 1774 1696 conformauit
1812 1651 1868 1693 ut

167 1725 407 1774 iudicium
431 1726 620 1789 pariter
659 1730 807 1788 atque
848 1724 1105 1788 ingenium
1144 1728 1319 1787 poetae
1360 1721 1703 1786 suspiciamus,
1753 1726 1868 1768 sunt

167 1806 334 1848 autem
373 1798 433 1847 de
474 1797 609 1847 nulla
647 1798 751 1847 fere
792 1813 846 1846 re
889 1812 1014 1862 quae
1055 1797 1113 1846 ad
1155 1797 1385 1859 antiquos
1423 1797 1672 1860 pertineat
1712 1795 1866 1857 scrip-

165 1879 300 1922 tores
338 1878 439 1922 tam
478 1873 644 1921 uariae
684 1878 885 1936 tamque
926 1871 1074 1919 falsae
1123 1870 1419 1935 plerumque
1445 1870 1705 1934 opiniones
1745 1867 1867 1917 latae

168 1962 317 2011 quam
372 1947 432 1995 de
490 1947 783 1995 imitationis
839 1944 1005 1996 studio
1061 1945 1191 2009 apud
1246 1951 1417 2009 poetas
1470 1944 1649 1992 latinos
1705 1942 1868 1990 obuio,

168 2036 281 2070 nam
329 2023 371 2070 si
420 2019 568 2069 hodie
591 2078 596 2082 ,
618 2020 818 2084 quidam
858 2019 987 2085 apud
1027 2019 1151 2068 duos
1193 2018 1381 2067 diuersi
1419 2019 1658 2082 temporis
1697 2022 1869 2081 poetas

170 2110 349 2143 uersus
397 2109 456 2143 ex
497 2093 659 2158 aliqua
707 2100 848 2159 parte
890 2093 1074 2142 similes
1122 2094 1407 2157 inueniunt,
1454 2091 1566 2139 ilico
1616 2096 1869 2139 auctorem

170 2175 330 2216 aetate
370 2169 702 2232 posteriorem
741 2168 1038 2231 excripsisse
1086 2168 1304 2231 priorem
1353 2165 1576 2214 clamant.
1654 2163 1869 2213 notabile

169 2241 280 2291 talis
319 2242 667 2307 peruersitatis
709 2240 988 2306 exemplum
1029 2241 1315 2305 nuperrime
1355 2239 1586 2303 praebuit
1620 2237 1869 2287 Schenke—

168 2315 279 2382 lius,
321 2317 406 2380 qui
445 2314 585 2365 uelut
625 2321 792 2364 oestro
834 2314 1046 2379 quodam
1085 2315 1307 2379 percitus
1346 2312 1595 2362 Valerium
1642 2319 1870 2361 nostrum

168 2392 219 2438 in
267 2388 436 2438 uerbis
486 2388 568 2438 uel
618 2391 889 2438 tritissimis
930 2387 1115 2453 ubique
1157 2389 1435 2436 anteriores
1474 2389 1746 2436 imitatione
1789 2402 1868 2434 ex-

168 2465 412 2527 pressisse
457 2464 650 2529 statuit3
698 2463 854 2512 ueluti
894 2478 994 2511 non
1034 2461 1236 2511 erubuit
1277 2461 1579 2511 contendere
1632 2460 1783 2522 [stud.
1822 2475 1870 2524 p.

174 2534 301 2599 102]
343 2536 425 2585 illa
465 2538 515 2586 in
556 2536 812 2586 codicibus
854 2537 1031 2586 tradita
1075 2536 1135 2598 [V
1164 2532 1269 2585 125
1311 2535 1405 2600 sq.]
1450 2532 1546 2584 ‘est
1584 2551 1715 2583 uera
1745 2548 1868 2598 pro-

165 2625 300 2672 paqo
350 2612 630 2677 sanguinis,
685 2618 761 2660 est
817 2610 926 2659 ollis
974 2612 1168 2675 genitor
1217 2605 1360 2658 deus'
1413 2611 1597 2673 scripta
1653 2623 1762 2657 esse
1811 2607 1870 2655 ad

170 2684 449 2749 exemplum
490 2683 681 2751 Ouidii,
731 2686 814 2749 qui
865 2686 915 2733 in
966 2686 1436 2733 transmutationum
1476 2682 1587 2730 libri
1630 2682 1671 2730 ll
1713 2698 1759 2731 u.
1797 2679 1868 2730 38

169 2758 353 2806 dixerit
392 2755 502 2822 ‘per
543 2774 667 2823 quae
710 2765 793 2808 tua
834 2774 963 2808 uera
997 2773 1230 2821 propaslo
1272 2753 1481 2806 c1·cdar.'
1551 2772 1699 2820 quam
1740 2756 1871 2805 enim

166 2834 392 2896 ineptum
418 2834 482 2881 sit
520 2832 642 2881 locis
683 2849 708 2881 a
749 2834 994 2881 sententia
1036 2834 1166 2881 inter
1209 2847 1260 2879 se
1287 2830 1627 2880 dissimillimis
1666 2836 1871 2895 propter

168 2905 380 2954 ‹luormn
435 2905 792 2955 uocabulorum
843 2906 1298 2967 uolgatissimorimi
1347 2904 1719 2953 similitudinem
1776 2909 1869 2950 sta-
