1982 3120
875 100 957 144 AD
989 98 1101 144 LIB.
1132 101 1166 143 Ι.
1752 100 1862 146 ΧΧΙ

316 227 422 275 493
468 240 641 275 auerso
677 224 888 273 Aldina:
930 226 1135 273 aduerso
1174 222 1316 271 codd.

313 301 421 348 494
460 304 516 347 ut
550 299 619 346 V:
658 301 698 347 ic
733 297 1176 362 Eyssenhardtius.

313 374 416 421 501
460 388 533 435 sq.
572 387 675 421 una
713 387 874 420 onmes
907 372 1122 433 gaudent
1159 372 1324 430 superi
1357 373 1658 431 uenturaque
1678 373 1859 420 mwndo

162 451 378 507 tempora
421 461 634 507 quaeque
677 448 793 495 wlas
840 449 1040 494 cer-mont
1083 446 1177 493 sibi
1214 458 1420 492 crescere
1456 443 1659 493 Pwrcae.
1735 445 1858 493 haec

161 520 319 568 uerba
364 535 477 568 cum
520 519 623 567 uiri
666 520 800 568 docti
840 535 899 567 ex
946 519 1036 566 illa
1074 534 1226 581 quam
1262 517 1497 566 Valerius
1536 518 1590 565 in
1627 521 1858 581 transpo-

159 594 324 641 nenda
376 595 555 655 copula
619 587 754 656 ‘que'
819 593 1121 654 aliquotiens
1198 591 1295 640 sibi
1353 592 1567 653 sumpsit
1620 593 1860 642 libertate

160 667 498 730 defenderent,
546 682 751 728 operam
795 666 1058 728 oleumque
1108 665 1388 726 perdidisse
1436 666 1561 712 1111111
1607 666 1858 715 uidentur.

159 757 277 790 nam
326 740 556 790 omnibus
603 755 731 803 quae
777 739 1071 798 adtulerunt
1114 738 1237 787 10018
1284 739 1359 789 ita
1415 740 1728 801 transposita
1781 743 1860 789 est

158 831 259 863 uox
294 814 386 862 illa
424 816 482 862 ut
521 817 692 862 tamen
731 813 990 875 scriptoris
1032 812 1284 861 sententia
1321 812 1470 860 facile
1509 813 1859 875 perspiciatur.

162 888 244 936 1110
280 903 426 937 nemo
465 889 567 937 nisi
605 903 636 935 a
671 888 961 935 Burmanno
1009 887 1229 935 monitus
1269 886 1526 948 intellegit
1570 887 1702 935 hunc
1749 903 1859 935 esse

159 962 431 1010 uerborum
469 962 719 1011 ordinem:
761 957 881 1009 ‘una
919 976 1032 1008 cum
1055 960 1175 1009 Ioue
1217 976 1388 1009 omnes
1429 961 1598 1022 superi
1636 961 1861 1023 gaudent

160 1038 210 1084 et
248 1035 437 1084 Parcae
479 1052 606 1098 quae
652 1037 864 1084 cernunt
901 1036 1118 1082 uentura
1155 1034 1340 1082 mundo
1379 1036 1610 1096 tempora
1660 1038 1711 1083 et
1749 1035 1860 1084 uias

161 1109 258 1157 sibi
296 1104 554 1158 crescere'.
600 1109 758 1158 talem
784 1109 1086 1158 sententiam
1125 1108 1168 1156 si
1205 1110 1357 1169 poeta
1381 1108 1544 1156 uoluit
1568 1109 1862 1172 exprimere,

158 1198 258 1231 non
311 1184 478 1245 potuit
539 1183 592 1230 id
645 1183 811 1230 facere
873 1184 924 1229 et
978 1181 1239 1231 obscurius
1304 1184 1355 1229 et
1416 1181 1652 1243 ineptius.
1743 1198 1862 1230 nam

158 1257 500 1319 unusquisque
539 1256 795 1305 Romanus
833 1256 992 1303 uerba
1031 1256 1101 1303 sic
1139 1257 1198 1303 ut
1235 1271 1366 1303 1111110
1413 1256 1655 1318 leguntur
1694 1257 1861 1318 posita

157 1345 259 1379 non
303 1331 471 1392 potuit
507 1331 803 1394 intellegere
842 1330 941 1378 nisi
978 1330 1052 1377 ita
1091 1329 1236 1391 quasi
1281 1329 1500 1392 primum
1546 1345 1718 1378 omnes
1766 1330 1860 1391 dei,

158 1404 338 1452 deinde
396 1407 650 1467 tempora,
723 1404 877 1452 tertio
954 1404 1169 1465 denique
1251 1404 1361 1452 loco
1423 1403 1613 1452 Parcae
1674 1403 1863 1466 gaudia

159 1479 423 1539 cepissent.
477 1494 599 1541 ergo
636 1494 737 1526 non
772 1478 1030 1539 integrum
1067 1479 1198 1525 1111110
1235 1477 1402 1525 10011111
1425 1480 1645 1525 aetatem
1682 1477 1862 1526 tulisse

158 1554 392 1612 apertum
431 1555 523 1600 est.
571 1552 660 1600 sed
698 1567 759 1600 ex
795 1551 953 1600 uariis
995 1566 1120 1613 quas
1157 1554 1530 1614 proposuerunt
1561 1552 1860 1600 coniecturis

155 1625 297 1672 nulla
342 1625 416 1672 ita
462 1628 754 1688 comparata
809 1629 887 1673 est
939 1628 998 1672 ut
1050 1641 1108 1673 ea
1161 1629 1342 1687 poetae
1387 1640 1565 1673 manus
1621 1625 1860 1674 restituta

156 1697 404 1746 uideatur.
482 1699 726 1762 equidem,
766 1699 1210 1761 quotienscumque
1257 1699 1389 1746 hunc
1439 1699 1605 1746 locum
1643 1699 1768 1761 legi,
1807 1700 1860 1746 in

157 1771 368 1820 eandem
406 1788 557 1834 quam
595 1773 743 1822 Thilo
781 1772 935 1820 incidi
975 1773 1331 1835 suspicionem,
1380 1773 1619 1820 nimirum
1657 1773 1710 1820 in
1747 1773 1860 1834 ipsa

157 1846 337 1894 uocula
376 1839 601 1895 ‘mundo'
638 1847 800 1896 latere
840 1846 1156 1908 corruptelae
1198 1846 1382 1895 sedem.
1446 1847 1649 1894 uidetur
1689 1849 1860 1894 autem

158 1920 282 1967 mihi
320 1919 570 1983 Valerius,
609 1922 880 1984 postquam
919 1936 1090 1969 omnes
1131 1920 1250 1969 deos
1291 1921 1495 1982 gauisos
1547 1936 1658 1968 esse
1707 1919 1859 1983 signi-

155 1992 346 2056 ficauit,
408 2009 468 2041 ea
521 1994 702 2056 quibus
755 1994 973 2043 maxima
1026 1994 1123 2041 fuit
1176 1994 1401 2042 laetandi
1457 2010 1609 2042 causa
1653 1994 1860 2042 numina

156 2067 452 2114 nominatim
514 2068 773 2116 adtulisse.
867 2068 1118 2129 quodnam
1186 2068 1346 2130 igitur
1407 2070 1610 2129 praeter
1671 2068 1857 2116 Parcas

156 2154 340 2187 numen
409 2140 584 2188 debuit
652 2143 868 2188 uentura
936 2144 1165 2201 tempora
1246 2157 1562 2202 summopere
1635 2140 1858 2189 laetari?

156 2211 387 2274 Bellona,
425 2215 566 2274 puto.
643 2216 694 2262 et
733 2213 796 2261 ad
834 2214 962 2261 hanc
1001 2214 1152 2275 paulo
1200 2217 1315 2275 post
1354 2214 1582 2276 Iuppiter
1621 2215 1743 2263 dicit
1786 2213 1858 2276 [u.

158 2283 288 2346 545]
333 2280 435 2334 ‘uia
473 2287 609 2334 facta
646 2303 736 2349 per
775 2287 934 2335 undas
975 2303 1161 2349 perque
1201 2288 1406 2350 hiemes,
1444 2289 1674 2351 Bellona,
1721 2283 1853 2336 tibi?

155 2358 326 2420 itaque
367 2360 628 2421 scripsisse
667 2361 747 2409 aio
786 2363 989 2423 poetam
1030 2356 1362 2424 ‘uenturaque
1403 2363 1548 2424 Enyo
1588 2357 1854 2424 tempora'.

154 2432 257 2481 iam
293 2437 430 2482 recte
468 2433 594 2482 illud
626 2429 862 2482 ‘uentura
898 2430 1146 2496 tempora'
1186 2429 1286 2484 ἀπὸ
1318 2438 1491 2485 κοινοῦ
1515 2437 1739 2498 positum
1778 2437 1857 2484 est

155 2507 352 2568 iamque
401 2508 610 2556 uoculae
674 2502 809 2571 ‘que’
863 2509 1094 2557 traiectio
1158 2502 1273 2574 (pro
1316 2504 1578 2572 ‘Enyoque
1638 2512 1855 2557 uentura

154 2574 429 2646 tempora')
476 2581 744 2630 conformis
792 2584 872 2631 est
919 2582 1099 2630 ceteris
1147 2584 1387 2645 exemplis
1436 2583 1743 2645 Valerianis3
1792 2583 1855 2631 cf.

156 2652 180 2699 I
224 2655 344 2716 100,
388 2656 507 2703 103.
546 2655 599 2703 H
640 2657 761 2717 224,
803 2657 908 2703 268
951 2657 1063 2704 3113.

307 2729 412 2776 515
455 2730 589 2777 ueris
627 2727 953 2777 Schraderus:
992 2745 1160 2790 reyum
1198 2729 1258 2778 V.
1300 2745 1363 2777 an
1405 2724 1623 2778 ‘uerni’?

307 2801 412 2848 518
453 2803 642 2851 auersis
678 2802 942 2851 Barthius:
983 2805 1206 2852 aduersis
1244 2803 1305 2851 V.

306 2874 412 2923 524
463 2889 520 2922 en
565 2879 746 2924 teneros
797 2876 996 2939 scripsi:
1052 2881 1094 2925 et
1139 2891 1338 2937 yefneros
1390 2878 1448 2925 V.
1505 2878 1637 2939 quod
1681 2878 1851 2940 inepte
