2020 3120
178 123 211 175 6
244 81 246 85 >
763 120 812 166 C.
845 121 1075 167 VALERI
1105 121 1321 169 FLACCI

175 251 227 299 in
267 261 608 314 quaecumque
641 259 814 311 uocas3
853 261 946 296 nec
986 242 1113 313 nos',
1152 249 1234 314 ait,
1276 243 1512 315 ‘optume‚
1551 262 1729 315 segnes
1784 260 1868 302 175

176 322 448 372 credideris
477 322 718 387 patriisue
758 322 912 384 magis
953 321 1201 370 confidere
1240 323 1406 387 regnis

176 412 325 462 quam
362 395 475 462 tibi,
515 397 561 461 si
595 396 783 459 primos
823 394 947 444 duce
987 399 1036 443 te
1076 396 1280 445 uirtutis
1318 395 1536 447 honores

176 485 403 536 carpere,
443 469 690 519 fraternae
732 470 774 518 si
813 469 900 518 des
940 468 1230 518 adcrescere
1271 469 1441 520 famae.

175 546 295 609 quin
335 558 426 608 ego
435 583 450 611 ,
489 557 653 607 nequa
690 549 827 592 metu
866 544 1020 591 nimio
1059 557 1138 592 me
1179 558 1298 592 cura
1336 547 1557 609 parentis

173 617 415 684 inpediat,
454 615 618 666 fallam
655 617 883 681 ignarum
924 615 1217 682 subitusque
1256 611 1442 682 paratis
1787 630 1872 671 180

175 698 296 741 tunc
336 690 485 740 adero
524 692 710 755 primas
749 690 940 755 linquet
980 706 1093 741 cum
1130 693 1312 756 puppis
1351 687 1597 742 harenas?

174 764 380 816 dixerat.
458 763 539 822 ille
581 766 769 813 animos
807 766 1150 830 promissaque
1190 765 1306 814 talia
1344 765 1502 816 laetus

174 840 354 905 accipit
393 844 443 888 et
482 853 686 903 gressus
725 839 925 903 rapidos
966 838 1025 887 ad
1063 838 1210 888 litora
1248 841 1416 889 uertit.

321 912 383 962 At
422 912 562 962 ducis
601 913 824 978 imperiis
862 912 1052 978 Minyae
1091 914 1382 978 monituque
1425 914 1714 979 frequentes

169 1001 389 1053 puppem
427 987 614 1036 umeris
655 985 872 1036 subeunt
910 992 961 1035 et
998 992 1136 1036 tento
1175 986 1361 1052 poplite
1399 989 1547 1052 proni
1784 999 1867 1041 185

175 1060 451 1111 decurrunt
488 1061 774 1124 intrantque
814 1059 1012 1110 fretum.
1090 1075 1190 1109 non
1230 1060 1414 1110 clamor
1453 1061 1642 1131 anhelis
1668 1090 1719 1118 ,1-
1748 1087 1797 1106 Μ

157 1136 403 1185 rnauticus
442 1141 527 1183 aut
564 1133 773 1183 blandus
811 1132 1062 1184 testudine
1103 1133 1261 1185 defuit
1300 1133 1544 1200 Orpheus,

171 1214 279 1258 tum
318 1208 433 1258 laeti
471 1214 696 1258 statuunt
735 1222 858 1257 aras,
935 1206 1046 1275 tibi,
1086 1215 1254 1259 rector
1292 1224 1546 1275 aquarum,

170 1296 397 1332 summus
435 1281 616 1348 honor,
656 1280 746 1330 tibi
787 1281 1030 1332 caeruleis
1068 1283 1120 1331 in
1159 1282 1304 1332 litore
1344 1284 1484 1332 uittis

172 1362 223 1406 et
262 1355 500 1421 Zephyris
540 1354 822 1419 Glaucoque
863 1355 1046 1405 bouem
1084 1355 1380 1421 Thetidique
1421 1358 1685 1407 iuuencam
1785 1368 1870 1410 190

172 1429 322 1479 deicit
361 1429 601 1479 Ancaeus,
678 1444 778 1477 non
817 1429 900 1478 illo
941 1431 1126 1478 certior
1167 1429 1290 1479 alter

168 1504 371 1569 pinguia
410 1503 600 1552 letifera
640 1503 950 1567 perfringere
985 1503 1107 1552 colla
1146 1502 1363 1569 bipenni.

169 1579 276 1643 ipse
315 1584 394 1627 ter
434 1592 681 1642 aequoreo
719 1576 878 1626 libans
919 1576 1169 1627 carchesia
1206 1580 1336 1643 patri

170 1653 243 1701 sic
283 1653 350 1702 ait
387 1650 679 1700 Aesonides:
722 1646 768 1699 ‘o
810 1653 896 1715 qui
935 1653 1214 1716 spumantia
1252 1658 1378 1702 nutu

169 1739 323 1790 regna
363 1727 524 1810 quatis
563 1731 824 1788 terrasque
864 1725 964 1774 salo
1006 1725 1334 1790 conplecteris
1375 1740 1562 1792 omneS,
1783 1736 1867 1778 195

170 1798 231 1848 da
268 1800 480 1849 ueniam.
558 1800 662 1847 scio
701 1813 780 1847 me
821 1800 1014 1848 cunctis
1054 1814 1080 1847 e
1121 1799 1352 1864 gentibus
1392 1814 1549 1850 unum

51 1884 124 1915 ‘²
167 1872 382 1923 inlicitas
421 1879 664 1938 temptare
704 1874 812 1921 uias
851 1872 1163 1937 hiememque
1203 1875 1408 1923 mereri:

168 1935 282 1996 sed
296 1961 397 1996 non
437 1954 611 2011 sponte
653 1947 809 2012 feror,
849 1961 942 1996 nec
981 1962 1114 1996 nunc
1154 1947 1274 1996 mihi
1312 1949 1518 2012 iungere
1557 1954 1767 2002 montes

166 2035 307 2070 mens
347 2027 462 2070 anet
500 2028 586 2069 aut
624 2035 816 2069 summo
857 2020 1127 2084 deposcere
1168 2020 1356 2071 fulmen
1397 2020 1618 2087 Olympo,

169 2109 262 2143 nec
302 2094 465 2143 Peliae
505 2109 583 2143 me
623 2100 740 2143 uota
779 2093 1004 2144 trahunt·
1042 2094 1124 2143 ille
1166 2109 1339 2160 aspera
1377 2096 1511 2145 iussa
1780 2106 1867 2147 200

167 2169 391 2236 repperit
430 2174 480 2218 et
518 2167 728 2217 Colchos
767 2169 819 2217 in
858 2183 936 2216 me
976 2168 1267 2233 luctumque
1307 2183 1547 2219 meorum.

167 2242 239 2291 illi
277 2233 472 2291 inhians
511 2248 705 2291 tantum
743 2257 844 2291 non
882 2241 1254 2306 indignantibus
1294 2243 1441 2292 undis

168 2315 264 2364 hoc
304 2323 452 2380 caput
490 2318 703 2380 accipias
743 2322 792 2364 et
822 2331 1046 2380 pressam
1085 2316 1286 2381 regibus
1327 2312 1527 2366 alnum?

168 2390 242 2439 sic
282 2389 412 2439 fatus
450 2391 624 2454 pingui
656 2389 874 2438 cumulat
912 2355 1170 2438 libamine⁰
1183 2390 1440 2439 flammam.

318 2462 532 2512 Protulit
570 2469 627 2512 ut
666 2464 855 2512 crinem
895 2462 1062 2511 densis
1101 2463 1316 2512 luctatus
1356 2466 1407 2514 in
1448 2465 1575 2514 extis
1777 2475 1862 2515 205

169 2538 298 2601 ignis
338 2543 389 2586 et
428 2536 651 2586 escendit
690 2536 913 2585 salientia
951 2538 1146 2586 uiscera
1185 2539 1331 2604 tauri,

168 2625 285 2660 ecce
327 2625 467 2660 sacer
505 2617 740 2675 totusque
781 2611 861 2660 dei
891 2625 982 2675 per
1020 2610 1164 2660 litora
1195 2611 1410 2678 MOPSUS,

168 2685 379 2733 inmanis
419 2686 554 2751 uisu,
593 2686 866 2749 uittamque
907 2699 1196 2750 comamque
1234 2700 1326 2750 per
1365 2700 1508 2735 auras

172 2764 459 2822 surgentem
496 2758 767 2823 laurusque
807 2764 950 2807 rotat.
1028 2774 1126 2808 uox
1166 2759 1357 2808 reddita
1396 2759 1609 2824 tandem,

169 2846 269 2880 uox
306 2831 554 2881 horrenda
593 2834 738 2899 uiris;
778 2839 884 2882 tum
924 2832 1051 2881 facta
1090 2832 1284 2882 silentia
1322 2834 1439 2883 uati.
1776 2842 1862 2884 210

169 2900 288 2955 ‘heu
328 2920 570 2970 quaenam
609 2905 815 2971 aspicio!
854 2907 1039 2955 nostris
1079 2907 1223 2956 modo
1264 2908 1489 2958 concitus
1529 2907 1662 2958 ausis
